@journal{maciejowski2025uncovering,
  title = {Uncovering Drivers of {EU} Carbon Futures with {B}ayesian Networks},
  author = {Maciejowski, Jan and Leonelli, Manuele},
  year = {2025},
  journal = {arXiv:2505.10384}
}
