@inproceedings{ballester2022you,
  title={You only derive once {(YODO)}: automatic differentiation for efficient sensitivity analysis in {B}ayesian networks},
  author={Ballester-Ripoll, Rafael and Leonelli, Manuele},
  booktitle={International Conference on Probabilistic Graphical Models},
  pages={169--180},
  year={2022},
  organization={PMLR}
}
