@article{ballester2022computing,
  title={Computing {S}obol indices in probabilistic graphical models},
  author={Ballester-Ripoll, Rafael and Leonelli, Manuele},
  journal={Reliability Engineering \& System Safety},
  volume={225},
  pages={108573},
  year={2022},
  publisher={Elsevier}
}
