@article{ballester2023yodo,
  title={The {YODO} algorithm: An efficient computational framework for sensitivity analysis in {B}ayesian networks},
  author={Ballester-Ripoll, Rafael and Leonelli, Manuele},
  journal={International Journal of Approximate Reasoning},
  volume={159},
  pages={108929},
  year={2023},
  publisher={Elsevier}
}
