@article{carli2023new,
  title={A new class of generative classifiers based on staged tree models},
  author={Carli, Federico and Leonelli, Manuele and Varando, Gherardo},
  journal={Knowledge-Based Systems},
  volume={268},
  pages={110488},
  year={2023},
  publisher={Elsevier}
}
