@article{carli2022r,
  title={The {R} Package stagedtrees for Structural Learning of Stratified Staged Trees},
  author={Carli, Federico and Leonelli, Manuele and Riccomagno, Eva and Varando, Gherardo},
  journal={Journal of Statistical Software},
  volume={102},
  pages={1--30},
  year={2022}
}
