@article{carter2024staged,
  title={Staged trees for discrete longitudinal data},
  author={Carter, Jack Storror and Leonelli, Manuele and Riccomagno, Eva and Ugolini, Alessandro},
  journal={arXiv preprint arXiv:2401.04297},
  year={2024}
}
