@article{cremaschi2025understanding,
author = {Andrea Cremaschi and Dae-Jin Lee and Manuele Leonelli},
title ={Understanding support for {AI} regulation: A {B}ayesian network perspective},

journal = {International Journal of Engineering Business Management},
volume = {17},
pages = {1--18},
year = {2025},
doi = {10.1177/18479790251383310}
}
