@article{crimaldi2023ai,
  title={AI and the creative realm: A short review of current and future applications},
  author={Crimaldi, Fabio and Leonelli, Manuele},
  journal={arXiv preprint arXiv:2306.01795},
  year={2023}
}
