@article{de2020tracking,
  title={Tracking change-points in multivariate extremes},
  author={de Carvalho, Miguel and Leonelli, Manuele and Rossi, Alex},
  journal={arXiv preprint arXiv:2011.05067},
  year={2020}
}
