@article{filigheddu2024using,
  title={Using staged tree models for health data: Investigating invasive fungal infections by aspergillus and other filamentous fungi},
  author={Filigheddu, Maria Teresa and Leonelli, Manuele and Varando, Gherardo and G{\'o}mez-Bermejo, Miguel {\'A}ngel and Ventura-D{\'\i}az, Sof{\'\i}a and Gorospe, Luis and Fort{\'u}n, Jes{\'u}s},
  journal={Computational and Structural Biotechnology Journal},
  volume={24},
  pages={12--22},
  year={2024},
  publisher={Elsevier}
}
