@inproceedings{gorgen2015differential,
  title={A differential approach for staged trees},
  author={G{\"o}rgen, Christiane and Leonelli, Manuele and Smith, James Q},
  booktitle={Symbolic and Quantitative Approaches to Reasoning with Uncertainty: 13th European Conference, ECSQARU 2015, Compi{\`e}gne, France, July 15-17, 2015. Proceedings 13},
  pages={346--355},
  year={2015},
  organization={Springer}
}
