@article{gorgen2020model,
  title={Model-preserving sensitivity analysis for families of {G}aussian distributions},
  author={G{\"o}rgen, Christiane and Leonelli, Manuele},
  journal={The Journal of Machine Learning Research},
  volume={21},
  number={1},
  pages={3257--3288},
  year={2020},
  publisher={JMLRORG}
}
