@article{gorgen2022curved,
  title={The curved exponential family of a staged tree},
  author={G{\"o}rgen, Christiane and Leonelli, Manuele and Marigliano, Orlando},
  journal={Electronic Journal of Statistics},
  volume={16},
  number={1},
  pages={2607--2620},
  year={2022},
  publisher={The Institute of Mathematical Statistics and the Bernoulli Society}
}
