@article{iannario2025modeling,
  title={Modeling Psychological Profiles in Volleyball via Mixed-Type Bayesian Networks},
  author={Iannario, Maria and Lee, Dae-Jin and Leonelli, Manuele},
  journal={arXiv preprint arXiv:2509.22111},
  year={2025}
}
