@article{lattanzi2021change,
  title={A change-point approach for the identification of financial extreme regimes},
  author={Lattanzi, Chiara and Leonelli, Manuele},
  journal={Brazilian Journal of Probability and Statistics},
  volume={35},
  number={4},
  pages={811--837},
  year={2021},
  publisher={Brazilian Statistical Association}
}
