@article{leonelli2022geometric,
  title={A geometric characterization of sensitivity analysis in monomial models},
  author={Leonelli, Manuele and Riccomagno, Eva},
  journal={International Journal of Approximate Reasoning},
  volume={151},
  pages={64--84},
  year={2022},
  publisher={Elsevier}
}
