@article{leonelli2017directed,
  title={Directed expected utility networks},
  author={Leonelli, Manuele and Smith, Jim Q},
  journal={Decision Analysis},
  volume={14},
  number={2},
  pages={108--125},
  year={2017},
  publisher={INFORMS}
}
