@article{leonelli2015bayesian,
  title={Bayesian decision support for complex systems with many distributed experts},
  author={Leonelli, Manuele and Smith, James Q},
  journal={Annals of Operations Research},
  volume={235},
  pages={517--542},
  year={2015},
  publisher={Springer}
}
