@inproceedings{leonelli2013using,
  title={Using graphical models and multi-attribute utility theory for probabilistic uncertainty handling in large systems, with application to the nuclear emergency management},
  author={Leonelli, Manuele and Smith, James Q},
  booktitle={2013 IEEE 29th International Conference on Data Engineering Workshops (ICDEW)},
  pages={181--192},
  year={2013},
  organization={IEEE}
}
