@inproceedings{leonelli2022highly,
  title={Highly efficient structural learning of sparse staged trees},
  author={Leonelli, Manuele and Varando, Gherardo},
  booktitle={International Conference on Probabilistic Graphical Models},
  pages={193--204},
  year={2022},
  organization={PMLR}
}
