@article{leonelli2025dent,
  title={Evaluation of factors associated with fear and anxiety
in the orthodontic treatment of adult patients},
  author={Ballester-Ripoll, Rafael and Leonelli, Manuele},
  journal={Journal of Clinical and Experimental Dentistry},
  volume={17},
  number= {1},
  pages={e18-e28},
  year={2025}
}
