@article{leonelli2020semiparametric,
  title={Semiparametric bivariate modelling with flexible extremal dependence},
  author={Leonelli, Manuele and Gamerman, Dani},
  journal={Statistics and Computing},
  volume={30},
  pages={221--236},
  year={2020},
  publisher={Springer}
}
