@article{leonelli2024structural,
  title={Structural learning of simple staged trees},
  author={Leonelli, Manuele and Varando, Gherardo},
  journal={Data Mining and Knowledge Discovery},
  pages={1--25},
  year={2024},
  publisher={Springer}
}
