@inproceedings{leonelli2023context,
  title={Context-specific causal discovery for categorical data using staged trees},
  author={Leonelli, Manuele and Varando, Gherardo},
  booktitle={International Conference on Artificial Intelligence and Statistics},
  pages={8871--8888},
  year={2023},
  organization={PMLR}
}
