@article{leonelli2019sensitivity,
  title={Sensitivity analysis beyond linearity},
  author={Leonelli, Manuele},
  journal={International Journal of Approximate Reasoning},
  volume={113},
  pages={106--118},
  year={2019},
  publisher={Elsevier}
}
