@article{leonelli2025predicting,
  title={Predicting and understanding shooting performance in professional biathlon: A Bayesian approach},
  author={Leonelli, Manuele},
  journal={International Journal of Performance Analysis in Sport},
  year={2025}
}
