@article{leonelli2020coherent,
  title={Coherent combination of probabilistic outputs for group decision making: an algebraic approach},
  author={Leonelli, Manuele and Riccomagno, Eva and Smith, Jim Q},
  journal={OR Spectrum},
  volume={42},
  pages={499--528},
  year={2020},
  publisher={Springer}
}
