@article{leonelli2017symbolic,
  title={A symbolic algebra for the computation of expected utilities in multiplicative influence diagrams},
  author={Leonelli, Manuele and Riccomagno, Eva and Smith, Jim Q},
  journal={Annals of Mathematics and Artificial Intelligence},
  volume={81},
  pages={273--313},
  year={2017},
  publisher={Springer}
}
