@article{leonelli2023sensitivity,
  title={Sensitivity and robustness analysis in {B}ayesian networks with the bnmonitor {R} package},
  author={Leonelli, Manuele and Ramanathan, Ramsiya and Wilkerson, Rachel L},
  journal={Knowledge-Based Systems},
  volume={278},
  pages={110882},
  year={2023},
  publisher={Elsevier}
}
