@article{leonelli2017sensitivity,
  title={Sensitivity analysis in multilinear probabilistic models},
  author={Leonelli, Manuele and G{\"o}rgen, Christiane and Smith, Jim Q},
  journal={Information Sciences},
  volume={411},
  pages={84--97},
  year={2017},
  publisher={Elsevier}
}
