@article{leonelli2024learning,
  title={Learning and interpreting asymmetry-labeled {DAGs}: a case study on {COVID-19} fear},
  author={Leonelli, Manuele and Varando, Gherardo},
  journal={Applied Intelligence},
  volume={54},
  number={2},
  pages={1734--1750},
  year={2024},
  publisher={Springer}
}
