@article{leonelli2024robust,
  title={Robust learning of staged tree models: a case study in evaluating transport services},
  author={Leonelli, Manuele and Varando, Gherardo},
  journal={arXiv preprint arXiv:2401.01812},
  year={2024}
}
