@article{maciejowski2025uncovering,
  title={Uncovering Drivers of {EU} Carbon Futures with {B}ayesian Networks},
  author={Maciejowski, Jan and Leonelli, Manuele},
  journal={arXiv preprint arXiv:2505.10384},
  year={2025}
}
