@article{smith2015coherent,
  title={Coherent frameworks for statistical inference serving integrating decision support systems},
  author={Smith, Jim Q and Barons, Martine J and Leonelli, Manuele},
  journal={arXiv preprint arXiv:1507.07394},
  year={2015}
}
