@article{soffner2024analysis,
  title={An analysis of factors impacting team strengths in the {A}ustralian {F}ootball {L}eague using time-variant {B}radley-{T}erry models},
  author={Soffner, Carlos Rafael Gonzalez and Leonelli, Manuele},
  journal={arXiv preprint arXiv:2405.12588},
  year={2024}
}