@article{varando2021staged,
  title={Staged trees and asymmetry-labeled {DAGs}},
  author={Varando, Gherardo and Carli, Federico and Leonelli, Manuele},
  journal={arXiv preprint arXiv:2108.01994},
  year={2021}
}
