@article{varando2025effect,
      title={Staged Event Trees for Transparent Treatment Effect Estimation}, 
      author={Gherardo Varando and Manuele Leonelli and Jordi Cerd√†-Bautista and Vasileios Sitokonstantinou and Gustau Camps-Valls},
      year={2025}
}
