%%%%%%%%%%%%%%%%%%%%%%%%%%%
%%%%%%%%   BIBLIOGRAPHY    %%%%%%%%%%
%%%%%%%%%%%%%%%%%%%%%%%%%%%

%%%%%%%%%%%%%%%%%%%%%%%%
%%%%%%%      A     %%%%%%%%%%%%%
%%%%%%%%%%%%%%%%%%%%%%%%

@article{Aalen2012,
  author = {Aalen, O. O. and R{\o}ysland, K. and Gran, J. M. and Ledergerber, B.},
  journal = {Journal of the Royal Statistical Society. Series A},
  number = {4},
  pages = {831-861},
  title = {Causality, mediation and time: a dynamic viewpoint},
  volume = {175},
  year = {2012}
}

@article{Abbas2004,
  author = {Abbas, A. E.},
  journal = {IEEE Transactions on Systems, Man, and Cybernetics - Part A: Systems and Humans},
  number = {2},
  pages = {169-178},
  title = {{Entropy methods for adaptive utility elicitation}},
  volume = {34},
  year = {2004}
}

@article{Abbas2005,
  author = {Abbas, A. E. and Howard, R. A.},
  journal = {Decision Analysis},
  number = {4},
  pages = {185-206},
  title = {{Attribute dominance utility}}, 
  volume = {2},
  year = {2005}
}

@article{Abbas2006,
  author = {Abbas, A. E.},
  journal = {Operations Research},
  number = {2},
  pages = {277-290},
  title = {{Maximum entropy utility}},
  volume = {54},
  year = {2006}
}

@article{Abbas2006a,
  author = {Abbas, A. E.},
  journal = {IEEE Transactions on Engineering Management},
  number = {1},
  pages = {146-159},
  title = {{Entropy methods for joint distributions in decision analysis}},
  volume = {53},
  year = {2006}
}

@article{Abbas2007,
  author = {Abbas, A. E.},
  journal = {European Journal of Operational Research},
  number = {1},
  pages = {378-395},
  title = {{Moments of utility functions and their applications}},
  volume = {180},
  year = {2007}
}

@inproceedings{Abbas2009,
  author = {Abbas, A. E.},
  booktitle = {The 29th International Workshop on Bayesian Inference and Maximum Entropy Methods in Science and Engineering},
  title = {{From Bayes' nets to utility nets}},
  year = {2009}
}

@article{Abbas2009a,
  author = {Abbas, A. E.},
  journal = {Operations Research},
  number = {6},
  pages = {1367-1383},
  title = {{Multiattribute utility copulas}},
  volume = {57},
  year = {2009}
}

@article{Abbas2009b,
  author = {Abbas, A. E.},
  journal = {Decision Analysis},
  number = {1},
  pages = {25-37},
  title = {{A Kullback-Leibler view of linear and loglinear pools}},
  volume = {6},
  year = {2009}
}

@article{Abbas2010,
  author = {Abbas, A. E.},
  journal = {Journal of Multicriteria Decision Analysis},
  pages = {37-59},
  title = {{General decompositions of multiattribute utility functions with partial utility independence}},
  volume = {17},
  year = {2010}
}

@article{Abbas2011,
  author = {Abbas, A. E.},
  journal = {Decision Analysis},
  number = {3},
  pages = {180-205},
  title = {{The multiattribute utility tree}},
  volume = {8},
  year = {2011}
}

@article{Abbas2011a,
  author = {Abbas, A. E. and Bell, D. E.},
  journal = {Operations Research},
  number = {3},
  pages = {764-771},
  title = {{One-switch independence for multiattribute utility functions}},
  volume = {59},
  year = {2011}
} 

@article{Abdildin2012,
  author = {Abdildin, Y. G. and Abbas, A. E.},
  journal = {Procedia Computer Science},
  pages = {802-811},
  publisher = {Elsevier Masson SAS},
  title = {{An algorithm for excluding redundant assessments in a multiattribute utility problem}},
  volume = {9},
  year = {2012}
}

@article{Ackermann1996,
  author = {Ackermann, F.},
  journal = {Group Decision and Negotiation},
  number = {1},
  pages = {93-112},
  title = {{Participants' perceptions on the role of facilitators using group decision support systems}},
  volume = {5},
  year = {1996}
}

@article{Aguilera2011,
  author = {Aguilera, P. A. and Fern\'{a}ndez, A. and Fern\'{a}ndez, R. and Rum\'{\i}, R. and Salmer\'{o}n, A.},
  journal = {Environmental Modelling \& Software},
  number = {12},
  pages = {1376-1388},
  publisher = {Elsevier Ltd},
  title = {{Bayesian networks in environmental modelling}},
  volume = {26},
  year = {2011}
}

@article{Ahlbrecht1997,
  author = {Ahlbrecht, M. and Borodin, R. and Borzenko, V. and Ehrhardt, J. and French, S. and Shershakov, V. and Sohier, A. and Trakhtengerts, E. and Verbruggen, A.},
  journal = {Radiation Protection Dosimetry},
  number = {1-4},
  pages = {81-84},
  title = {{Decision support issues in {RODOS}: the needs of decision makers}},
  volume = {73},
  year = {1997}
}

@article{Ahlmann-Ohlsen2009,
  author = {Ahlmann-Ohlsen, K. S. and Jensen, F. V. and Nielsen, T. D. and Pedersen, O. and Vomlelov\'{a}, M.},
  journal = {International Journal of Approximate Reasoning},
  number = {1},
  pages = {153-173},
  publisher = {Elsevier Inc.},
  title = {{A comparison of two approaches for solving unconstrained influence diagrams}},
  volume = {50},
  year = {2009}
}

@article{Albert2012,
  author = {Albert, I. and Donnet, S. and Guihenneuc-Jouyaux, C. and Low-Choy, S. and Mengersen, K. and Rousseau, J.},
  journal = {Bayesian Analysis},
  number = {3},
  pages = {503-532},
  title = {{Combining expert opinions in prior elicitation}},
  volume = {7},
  year = {2012}
}

@misc{Anacleto2013c,
  author = {Anacleto, O. and Queen, C. M.},
  title = {{Dynamic chain graph models for multivariate time series}},
  year = {2013},
  howpublished={Tech. Report, Open University}
}

@article{Anacleto2013,
  title={Multivariate forecasting of road traffic flows in the presence of heteroscedasticity and measurement errors},
  author={Anacleto, O. and Queen, C. M. and Albers, C. J.},
  journal={Journal of the Royal Statistical Society: Series C },
  volume={62},
  number={2},
  pages={251--270},
  year={2013},
  publisher={Wiley Online Library}
}

@article{Anscombe1963,
  title={A definition of subjective probability},
  author={Anscombe, F. J. and Aumann, R. J},
  journal={Annals of Mathematical Statistics},
  pages={199-205},
  volume={34},
  number={1},
  year={1963},
  publisher={JSTOR}
}

@article{Argyris2014,
  title={{CUT}: a multicriteria approach for concavifiable preferences},
  author={Argyris, N. and Morton, A. and Figueira, J. R.},
  journal={Operations Research},
  volume={62},
  number={3},
  pages={633--642},
  year={2014},
  publisher={INFORMS}
}

@article{Arnott2005,
  author = {Arnott, D. and Pervan, G.},
  journal = {Journal of Information Technology}, 
  number = {2},
  pages = {67-87},
  title = {{A critical analysis of decision support systems research}},
  volume = {20},
  year = {2005}
}

@article{Arnott2008,
  author = {Arnott, D. and Pervan, G.},
  journal = {Decision Support Systems}, 
  number = {3},
  pages = {657-672},
  title = {{Eight key issues for the decision support systems discipline}},
  volume = {44},
  year = {2008}
}

@book{Arrow1963,
  title={Social choice and individual values},
  author={Arrow, K. J.},
  publisher={Yale University Press},
  year={1951}
}

%%%%%%%%%%%%%%%%%%%%%%%%%%%%%
%%%%%%%%       B       %%%%%%%%%%%%%%%%
%%%%%%%%%%%%%%%%%%%%%%%%%%%%%

@inproceedings{Bacchus1995,
  author = {Bacchus, F. and Grove, A.},
  booktitle = {Proceedings of the 11th Conference on Uncertainty in Artificial Intelligence},
  pages = {3-10},
  title = {{Graphical models for preference and utility}},
  year = {1995}
}

@article{Bacharach1975,
  title={Group decisions in the face of differences of opinion},
  author={Bacharach, M.},
  journal={Management Science},
  volume={22},
  number={2},
  pages={182--191},
  year={1975},
  publisher={INFORMS}
}

@unpublished{Bangs√∏2000,
  author = {Bangs\o, O. and Wuillemin, P.},
  institution = {AAlborg University},
  title = {{Object Oriented Bayesian Networks A Framework for Topdown Specification of Large Bayesian Networks and Repetitive Structures}},
  year = {2000}
}

@article{Barclay2013a,
  author = {Barclay, L. M. and Hutton, J. L. and Smith, J. Q.},
  journal = {International Journal of Approximate Reasoning},
  number = {9},
  pages = {1300-1309},
  publisher = {Elsevier Inc.},
  title = {{Refining a Bayesian network using a chain event graph}},
  volume = {54},
  year = {2013}
}

@article{Barclay2014,
  author = {Barclay, L. M. and Hutton, J. L. and Smith, J. Q.},
  journal = {Bayesian Analysis},
  number = {1},
  pages = {53-76},
  title = {{Chain event graphs for informed missingness}},
  volume = {9},
  year = {2014}
}

@techreport{Barclay2014a,
  author = {Barclay, L. M. and Smith, J. Q. and Thwaites, P. A. and Nicholson, A. E.},
  institution = {{CRISM} Research Report, The University of Warwick},
  number = {14-4},
  title = {{The dynamic chain event graph}},
  year = {2014}
}

@article{Barkhi2005,
  author = {Barkhi, R. and Rolland, E. and Butler, J. and Fan, W.},
  journal = {Decision Support Systems},
  number = {2},
  pages = {269-281},
  title = {{Decision support system induced guidance for model formulation and solution}},
  volume = {40},
  year = {2005}
}

@techreport{Barons2014,
  author = {Barons, M. J. and Zhong, X. and Smith, J. Q.},
  institution = {{CRISM}, The University of Warwick},
  number = {14-18},
  title = {{Dynamic Bayesian networks for decision support and sugar food security}},
  year = {2014}
}

@article{Bashari2008,
  author = {Bashari, H. and Smith, C. and Bosch, O. J. H.},
  journal = {Agricultural Systems}, 
  number = {1},
  pages = {23-34}, 
  publisher = {Elsevier Ltd},
  title = {{Developing decision support tools for rangeland management by combining state and transition models and Bayesian belief networks}},
  volume = {99},
  year = {2008}
}

@article{Baverstam1997,
  author = {Baverstam, U. and Fraser, G. and Kelly, G. N.},
  journal = {Radiation Protection Dosimetry},
  number = {1},
  pages = {xiii},
  title = {{Editorial: decision making for off-site emergency management}},
  volume = {73},
  year = {1997}
}

@article{Bell1979,
  author = {Bell, D. E.},
  journal = {Management Science},
  number = {8},
  pages = {744-753},
  title = {{Multiattribute utility functions: decompositions using interpolation}},
  volume = {25},
  year = {1979}
}

@article{Bell79,
  author = {Bell, D. E.},
  journal = {Operations Research},
  number = {5},
  pages = {1054-1066},
  title = {{Consistent assessment procedures using conditional utility functions}},
  volume = {27},
  year = {1979}
}

@book{Belton2002,
  author = {Belton, V. and Stewart, T.},
  publisher = {Springer},
  title = {{Multiple criteria decision analysis: an integrated approach}},
  year = {2002}
}

@unpublished{Ben-David2012,
  author = {Ben-David, E. and Rajaratnam, B.},
  title = {{Generalized Hyper Markov Laws For Directed Acyclic Graphs}},
  year = {2012}
}

@incollection{Bennet2009,
  author = {Bennet, A. and Bennet, D.},
  booktitle = {Handbook on Decision Support Systems 1},
  pages = {3-20},
  title = {{The decision-making process in a complex situation}},
  year = {2009}
}

@book{berger,
  author = {Berger, J. O.},
  publisher = {Springer-Verlag},
  title = {{Statistical decision theory and Bayesian analysis}},
  year = {1985}
}

@article{Berhold1973,
  author = {Berhold, M. H.},
  journal = {Management Science},
  number = {7},
  pages = {825-830},
  title = {{The use of distribution functions to represent utility functions}},
  volume = {16},
  year = {1973}
}

@book{Bernardo2009,
  title={Bayesian theory},
  author={Bernardo, J. M. and Smith, A. F. M.},
  year={2009},
  publisher={John Wiley \& Sons}
}

@inproceedings{Bertsch2007,
  author = {Bertsch, V. and Rentz, O. and Geldermann, J.},
  booktitle = {ISCRAM},
  pages = {395-404},
  title = {{Preference elicitation and sensitivity analysis in multi-criteria group decision support for nuclear remediation management}},
  year = {2007}
}

@book{Bertsekas1976,
  author = {Bertsekas, D. P.},
  publisher = {Academic Press},
  title = {{Dynamic programming and stochastic control}},
  year = {1976}
}

@article{Best2005,
  title={A comparison of {B}ayesian spatial models for disease mapping},
  author={Best, N. and Richardson, S. and Thomson, A.},
  journal={Statistical Methods in Medical Research},
  volume={14},
  number={1},
  pages={35--59},
  year={2005},
  publisher={SAGE Publications}
}

@article{Best2013,
  author = {Best, N. and Ashby, D. and Dunstan, F. and Foreman, D. and McIntosh, N.},
  journal = {Journal of the Royal Statistical Society: Series A (Statistics in Society)},
  number = {1},
  pages = {53-96},
  title = {{A Bayesian approach to complex clinical diagnoses: a case-study in child abuse}},
  volume = {176},
  year = {2013}
}

@article{Bhandari2008,
  title={Debiasing investors with decision support systems: an experimental investigation},
  author={Bhandari, G. and Hassanein, K. and Deaves, R.},
  journal={Decision Support Systems},
  volume={46},
  number={1},
  pages={399--410},
  year={2008},
  publisher={Elsevier}
}

@inproceedings{Bhattacharjya2007,
  author = {Bhattacharjya, D. and Shachter, R. D.},
  booktitle = {Proceedings of the 23rd Conference on Uncertainty in Artificial Intelligence},
  pages = {9-16},
  title = {{Evaluating influence diagrams with decision circuits}},
  year = {2007}
}

@inproceedings{Bhattacharjya2008,
  author = {Bhattacharjya, D. and Shachter, R. D.}, 
  booktitle = {Proceedings of the 24th Conference on Uncertainty in Artificial Intelligence},
  pages = {34-42},
  title = {{Sensitivity analysis in decision circuits}},
  year = {2008}
}

@inproceedings{Bhattacharjya2010,
  author = {Bhattacharjya, D. and Shachter, R. D.},
  booktitle = {Proceedings of the 26th Conference on Uncertainty in Artificial Intelligence},
  pages = {56-64},
  title = {{Three new sensitivity analysis methods for influence diagrams}},
  year = {2010}
}

@article{Bhattacharjya2012,
  author = {Bhattacharjya, D. and Shachter, R. D.},
  journal = {Decision Analysis},
  number = {2},
  pages = {138-145},
  title = {{Formulating asymmetric decision problems as decision circuits}},
  volume = {9},
  year = {2012}
}

@article{Bielza1999,
  author = {Bielza, C. and Shenoy, P. P.},
  journal = {Management Science},
  number = {11},
  pages = {1552-1569},
  title = {{A comparison of graphical techniques for asymmetric decision problems}},
  volume = {45},
  year = {1999}
}

@article{Bielza2000,
  author = {Bielza, C. and G\'{o}mez, M.},
  journal = {Computers \& Operations Research},
  pages = {725-740},
  title = {{Structural, elicitation and computational issues faced when solving complex decision making problems with influence diagrams}},
  volume = {27},
  year = {2000}
}

@article{Bielza2008,
  author = {Bielza, C. and {Fern\'{a}ndez del Pozo}, J. A. and Lucas, P. J. F.},
  journal = {Decision Support Systems},
  number = {2},
  pages = {397-408},
  title = {{Explaining clinical decisions by extracting regularity patterns}},
  volume = {44},
  year = {2008}
}

@article{Bielza2010,
  author = {Bielza, C. and Shenoy, P. P.},
  journal = {Decision Support Systems},
  number = {4},
  pages = {354-364},
  publisher = {Elsevier B.V.},
  title = {{Modeling challenges with influence diagrams: constructing probability and utility models}},
  volume = {49},
  year = {2010}
}

@article{Bielza2011,
  author = {Bielza, C. and G\'{o}mez, M. and Shenoy, P. P.},
  number = {3},
  pages = {227-241},
  title = {{A review of representation issues and modeling challenges with influence diagrams}},
  journal={Omega},
  volume = {39},
  year = {2011}
}

@article{Birlutiu2012,
  author = {Birlutiu, A. and Groot, P. and Heskes, T.},
  journal = {Machine Learning},
  number = {1},
  pages = {1-28},
  title = {{Efficiently learning the preferences of people}},
  volume = {90},
  year = {2012}
}

@unpublished{Bissiri2013,
  author = {Bissiri, P. G. and Holmes, C. C. and Walker, S. G.},
  title = {{A general framework for updating belief distributions}},
  year = {2013}
}

@incollection{Bohanec1989,
  author = {Bohanec, M. and Rajkovi\v{c}, V.},
  booktitle = {Computer Aided decision analysis: theory and applications},
  number = {1},
  pages = {189-204},
  title = {{Knowledge-based explanation in multi-attribute decision making}},
  year = {1989}
}

@book{Bollen1998,
  title={Testing structural equation models},
  author={Bollen, K. A. and Lang, J. S.},
  year={1993},
  publisher={SAGE Publications}
}

@book{Bolstad2011,
  author = {Bolstad},
  publisher = {John Wiley \& Sons},
  title = {{Introduction to Bayesian Statistics}},
  year = {2011}
}

@article{Bordley2000,
  author = {Bordley, R. F. and {Li Calzi}, M.},
  journal = {Decisions in Economics and Finance},
  number = {1},
  pages = {53-74},
  title = {{Decision analysis using targets instead of utility functions}},
  volume = {23},
  year = {2000}
}

@article{Bordley2009,
  author = {Bordley, R. F.},
  journal = {Decision Analysis},
  number = {1},
  pages = {38-46},
  title = {{Combining the opinions of experts who partition events differently}},
  volume = {6},
  year = {2009}
}

@article{Bose97,
  author = {Bose, U. and Davey, A. M. and Olson, D. L.},
  journal = {Omega},
  number = {6},
  pages = {691-706},
  title = {{Multiattribute utility methods in group decision making: past applications and potential for inclusion in{GDSS}}},
  volume = {25},
  year = {1997}
}

@incollection{Bous2013,
  author = {Bous, G. and Pirlot, M.},
  booktitle = {Algorithmic Decision Theory},
  pages = {101-115},
  title = {{Learning Multicriteria Utility Functions with Random Utility Models}},
  year = {2013}
}

@inproceedings{Boutilier1996,
  title={Context-specific independence in {B}ayesian networks},
  author={Boutilier, C. and Friedman, N. and Goldszmidt, M. and Koller, D.},
  booktitle={Proceedings of the 12th Conference on Uncertainty in Artificial Intelligence},
  pages={115--123},
  year={1996}
}

@inproceedings{Boutilier1999,
  author = {Boutilier, C. and Brafman, R. I. and Hoos, H. H. and Poole, D.},
  booktitle = {Proceedings of the 15th Conference on Uncertainty in Artificial Intelligence},
  pages = {71-80},
  title = {{Reasoning with conditional ceteris paribus preference statements}},
  year = {1999}
}

@inproceedings{Boutilier2001a, 
  author = {Boutilier, C. and Bacchus, F. and Brafman, R. I.},
  booktitle = {Proceedings of the 17th Conference on Uncertainty in Artificial Intelligence},
  pages = {56-64},
  title = {{UCP}-networks: A directed graphical representation of conditional utilities},
  year = {2001}
}

@inproceedings{Boutilier2003,
  author = {Boutilier, C.},
  booktitle = {IJCAI},
  pages = {285-290},
  title = {{On the foundations of expected expected utility}}, 
  year = {2003}
}

@article{Boutilier2005a,
  author = {Boutilier, C.},
  journal = {Decision Analysis},
  number = {4},
  pages = {229-231},
  title = {{The influence of influence diagrams on artificial intelligence}},
  volume = {2},
  year = {2005}
}

@inproceedings{Boyen1998,
  title={Tractable inference for complex stochastic processes},
  author={Boyen, X. and Koller, D.},
  booktitle={Proceedings of the 14th Conference on Uncertainty in Artificial Intelligence},
  pages={33--42},
  year={1998}
}

@incollection{Brafman2009,
  author = {Brafman, R. I. and Engel, Y.},
  booktitle = {Algorithmic Decision Theory},
  pages = {192-202},
  publisher = {Springer},
  title = {{Directional decomposition of multiattribute utility functions}},
  year = {2009}
}

@inproceedings{Brafman2010,
  author = {Brafman, R. I. and Engel, Y.},
  booktitle = {AAAI},
  keywords = {Technical Papers -- Knowledge Representation and Reasoning},
  pages = {267-272},
  title = {{Decomposed utility functions and graphical models for reasoning about preferences}},
  year = {2010}
}

@article{Brandherm2004,
  author = {Brandherm, B. and Jameson, A.},
  journal = {International Journal of Intelligent Systems},
  number = {8},
  pages = {727-748},
  title = {{An extension of the differential approach for Bayesian network inference to dynamic Bayesian networks}},
  volume = {19},
  year = {2004}
}

@inproceedings{Braziunas2005,
  author = {Braziunas, D. and Boutilier, C.},
  booktitle = {Proceedings of the 21st Conference on Uncertainty in Artificial Intelligence},
  pages = {42-49},
  title = {{Local utility elicitation in {GAI} models}},
  year = {2005}
}

@article{Briggs2003,
  author = {Briggs, R. O. and {De Vreede}, G. and Nunamaker, J. F.},
  journal = {Journal of Management Information Systems},
  number = {4},
  pages = {31-64},
  title = {{Collaboration Engineering with ThinkLets to Pursue Sustained Success with Group Support Systems}},
  volume = {19},
  year = {2003}
}

@article{Brillinger1969,
  author = {Brillinger, D. R.},
  journal = {Annals of the Institute of Statistical Mathematics}, 
  number = {1}, 
  pages = {215-218},
  title = {{The calculation of cumulants via conditioning}},
  volume = {21},
  year = {1969}
}

@unpublished{Bruynooghe2011,
  author = {Bruynooghe, D. and Wynn, H. P.},
  number = {x},
  title = {{Differential cumulants, hierachical models and monomial ideals}},
  year = {2011}
}

@book{Buchanan1984,
  title={Rule-based expert systems},
  author={Buchanan, B. G. and Shortliffe, E. H.},
  year={1984},
  publisher={Addison-Wesley Reading}
}

@article{Burns1993,
  title={Covariance structure models and influence diagrams},
  author={Burns, W. J. and Clemen, R. T.},
  journal={Management Science},
  volume={39},
  number={7},
  pages={816--834},
  year={1993},
  publisher={INFORMS}
}

@incollection{Burstein2008,
  author = {Burstein, F. and Holsaplle, C. W.},
  pages = {VII-XX},
  title = {{Preface of the handbook on decision support systems}},
  year = {2008}
}

%%%%%%%%%%%%%%%%%%%%%%%%%%%%%%%%
%%%%%%%%%%%    C    %%%%%%%%%%%%%%%%%%
%%%%%%%%%%%%%%%%%%%%%%%%%%%%%%%%

@article{Caley2014,
  author = {Caley, M. J. and O'Leary, R. A. and Fisher, R. and Low-Choy, S. and Johnson, S. and Mengersen, K.},
  journal = {Ecology and Evolution},
  number = {3},
  pages = {231-42},
  title = {{What is an expert? A systems perspective on expertise}},
  volume = {4},
  year = {2014}
}

@article{Call1990,
  author = {Call, H. J. and Miller, W. A.},
  journal = {Reliability Engineering \& System Safety}, 
  number = {1-3},
  pages = {115-162},
  title = {{A comparison of approaches and implementations for automating decision analysis}},
  volume = {30},
  year = {1990}
}

@techreport{Caminada2000,
  author = {Caminada, G. and French, S. and Politis, K. and Smith, J. Q.},
  institution = {{RODOS}},
  number = {94},
  title = {{Uncertainty in RODOS}},
  year = {2000}
}

@article{Canbolat2007,
  author = {Canbolat, Y. B. and Chelst, K. and Garg, N.},
  journal = {Omega},
  number = {3},
  pages = {312-325},
  title = {{Combining decision tree and MAUT for selecting a country for a global manufacturing facility}},
  volume = {35},
  year = {2007}
}

@article{Carter2006,
  author = {Carter, E. and French, S.},
  journal = {Journal of Radiological Protection: Official Journal of the Society for Radiological Protection},
  number = {4}, 
  pages = {405-14},
  title = {{Are current processes for nuclear emergency management in Europe adequate?}},
  volume = {26},
  year = {2006}
}

@book{Casella2002,
  author = {Casella, G. and Berger, R. L.},
  publisher = {Duxbury},
  title = {Statistical inference},
  year = {2002}
}

@article{Castagnoli96,
  author = {Castagnoli, E. and {Li Calzi}, M.},
  journal = {Theory and Decision},
  number = {3},
  pages = {281-301},
  title = {{Expected utility without utility}},
  volume = {41},
  year = {1996}
}

@incollection{Castillo1995,
  author = {Castillo, E. and Gutierrez, J. M. and Hadi, A. S.},
  booktitle = {Symbolic and Quantitative Approaches to Reasoning and Uncertainty},
  pages = {89-98},
  title = {{Parametric structure of probabilities in Bayesian networks}},
  year = {1995}
}

@inproceedings{Castillo1996,
  author = {Castillo, E. and Gutierrez, J. M. and Hadi, A. S.},
  booktitle = {Proceedings of the 13th National Conference on Artificial Intelligence},
  pages = {1263-1268},
  title = {{Goal oriented symbolic propagation in Bayesian networks}},
  volume = {1},
  year = {1996}
}

@article{Castillo1996a,
  author = {Castillo, E. and Gutierrez, J. M. and Hadi, A. S.},
  journal = {Networks},
  number = {1},
  pages = {31-43},
  title = {{A new method for efficient symbolic propagation in discrete Bayesian networks}},
  volume = {28},
  year = {1996}
}

@article{Castillo1997,
  author = {Castillo, E. and Gutierrez, J. M. and Hadi, A. S. and Solares, C.},
  journal = {Artificial Intelligence in Engineering},
  number = {2},
  pages = {173-181},
  title = {{Symbolic propagation and sensitivity analysis in Gaussian Bayesian networks with application to damage assessment}},
  volume = {11},
  year = {1997}
}

@article{Castillo1997a,
  author = {Castillo, E. and Gutierrez, J. M. and Hadi, A. S.},
  journal = {IEEE Transactions on Systems, Man and Cybernetics, Part A: Systems and Humans},
  number = {4},
  pages = {412-423},
  title = {{Sensitivity analysis in discrete Bayesian networks}},
  volume = {27},
  year = {1997}
}

@book{Castillo1997b,
  author = {Castillo, E.},
  publisher = {Springer},
  title = {{Expert systems and probabilistic network models}}, 
  year = {1997}
}

@article{Castillo2003,
  author = {Castillo, E. and Kj{\ae}rulff, U.},
  journal = {Reliability Engineering \& System Safety},
  number = {2}, 
  pages = {139-148},
  title = {{Sensitivity analysis in Gaussian Bayesian networks using a symbolic-numerical technique}},
  volume = {79},
  year = {2003}
}

@inproceedings{Cavazos-Cadena2001,
  author = {Cavazos-Cadena, R. and Fernandez-Gaucherand, E.},
  booktitle = {IEEE Conference on Decision and Control},
  pages = {2110-2112},
  title = {{Markov decision processes with risk-sensitive criteria: dynamic programming operators and discounted stochastic games}},
  year = {2001}
}

@inproceedings{Chajewska2001,
  author = {Chajewska, U. and Koller, D. and Ormoneit, D.},
  booktitle = {ICML},
  pages = {35-42},
  title = {{Learning an agent's utility function by observing behavior}},
  year = {2001}
}

@article{Chaloner2014,
  author = {Chaloner, K. and Verdinelli, I.},
  number = {3},
  pages = {273-304},
  title = {{Bayesian experimental design: a review}},
  volume = {10},
  year = {2014}
}

@inproceedings{Chan2001,
  author = {Chan, H. and Darwiche, A.},
  booktitle = {Proceedings of the 17th Conference on Uncertainty in Artificial Intelligence}, 
  pages = {65-74},
  title = {{When do numbers really matter?}},
  year = {2001}
}

@inproceedings{Chan2004,
  author = {Chan, H. and Darwiche, A.},
  booktitle = {Proceedings of the 20th Conference on Uncertainty in Artificial Intelligence},
  pages = {67-75},
  title = {{Sensitivity analysis in Bayesian networks: from single to multiple parameters}},
  year = {2004}
}

@article{Chan2005,
  author = {Chan, H. and Darwiche, A.},
  journal = {International Journal of Approximate Reasoning},
  number = {2},
  pages = {149-174},
  title = {{A distance measure for bounding probabilistic belief change}},
  volume = {38},
  year = {2005}
}

@article{Chandy1998,
  title={A framework for structured distributed object computing},
  author={Chandy, K. M. and Kiniry, J. and Rifkin, A. and Zimmerman, D.},
  journal={Parallel Computing},
  volume={24},
  number={12},
  pages={1901--1922},
  year={1998},
  publisher={Elsevier}
}

@article{Chen2003,
  author = {Chen, J. Q. and Lee, S. M.},
  journal = {Decision Support Systems},
  number = {2},
  pages = {147-160},
  title = {{An exploratory cognitive DSS for strategic decision making}},
  volume = {36},
  year = {2003}
}

@article{Choo1999,
  author = {Choo, E. U. and Schoner, B. and Wedley, W. C.},
  journal = {Computers \& Industrial Engineering},
  number = {3},
  pages = {527-541},
  title = {{Interpretation of criteria weights in multicriteria decision making}},
  volume = {37},
  year = {1999}
}

@book{Clemen1996a,
  author = {Clemen, R. T.},
  publisher = {Duxbury},
  title = {{Making hard decisions: an introduction to decision analysis}},
  year = {1996}
}

@article{Clemen99,
  author = {Clemen, R. T. and Winkler, R. L.},
  journal = {Risk Analysis},
  number = {2},
  pages = {187-203},
  title = {{Combining probability distributions from experts in risk analysis}},
  volume = {19},
  year = {1999}
}

@article{Clemen2000,
  title={Assessing dependence: some experimental results},
  author={Clemen, R. T. and Fischer, G. W. and Winkler, R. L.},
  journal={Management Science},
  volume={46},
  number={8},
  pages={1100--1115},
  year={2000},
  publisher={INFORMS}
}

@incollection{Clemen2007,
  author = {Clemen, R. T. and Winkler, R. L.},
  booktitle = {Advances in Decision Analysis},
  pages = {154-176},
  title = {{Aggregating probability distributions}},
  year = {2007}
}

@inproceedings{Cobb2004,
  author = {Cobb, B. R. and Shenoy, P. P.},
  booktitle = {Proceedings of the 20th Conference on Uncertainty in Artificial Intelligence},
  pages = {85-93},
  title = {{Hybrid influence diagrams using mixtures of truncated exponentials}},
  year = {2004}
}

@inproceedings{Cobb2006,
  author = {Cobb, B. R.},
  booktitle = {Proceeding of the 3rd European Workshop on Probabilistic Graphical Models},
  pages = {67-74},
  title = {{Continuous decision {MTE} influence diagrams.}},
  year = {2006}
}

@article{Cobb2006a,
  author = {Cobb, B. R. and Shenoy, P. P. and Rum\'{\i}, R.},
  journal = {Statistics and Computing},
  number = {3},
  pages = {293-308},
  title = {{Approximating probability density functions in hybrid {B}ayesian networks with mixtures of truncated exponentials}},
  volume = {16},
  year = {2006}
}

@article{Cobb2007,
  author = {Cobb, B. R.},
  journal = {Decision Analysis},
  number = {3},
  pages = {136-155},
  title = {{Influence diagrams with continuous decision variables and non {G}aussian uncertainties}},
  volume = {4},
  year = {2007}
}

@article{Cobb2008,
  author = {Cobb, B. R. and Shenoy, P. P.},
  journal = {European Journal of Operational Research},
  number = {1},
  pages = {261-275},
  title = {{Decision making with hybrid influence diagrams using mixtures of truncated exponentials}},
  volume = {186}, 
  year = {2008}
}

@phdthesis{Constantinou2013,
  author = {Constantinou, P.},
  number = {May},
  title = {{Conditional independence and applications in statistical causality}},
  type = {University of Cambridge},
  year = {2013}
}

@article{Conti2009,
  author = {Conti, S. and Gosling, J. P. and Oakley, J. E. and O'Hagan, A.},
  journal = {Biometrika},
  number = {3},
  pages = {663-676},
  title = {{Gaussian process emulation of dynamic computer codes}},
  volume = {96},
  year = {2009}
}

@book{Cooke1991a,
  author = {Cooke, R. M.},
  publisher = {Oxford University Press},
  title = {{Experts in uncertainty: opinion and subjective probability in science}},
  year = {1991}
}

@article{Cooke2000,
  title={Procedures guide for structural expert judgement in accident consequence modelling},
  author={Cooke, R. M. and Goossens, L. H. J.},
  journal={Radiation Protection Dosimetry},
  volume={90},
  number={3},
  pages={303--309},
  year={2000},
  publisher={NTP}
}

@inproceedings{Cooper1988,
  author = {Cooper, G. F.},
  booktitle = {Proceedings of the 4th Conference on Uncertainty in Artificial Intelligence},
  pages = {55-63},
  title = {{A method for using belief networks as influence diagrams}},
  year = {1988}
}

@article{Cooper1990,
  author = {Cooper, G. F.},
  journal = {Artificial Intelligence},
  number = {2-3},
  pages = {393-405},
  title = {{The computational complexity of probabilistic inference using {B}ayesian belief networks}},
  volume = {42},
  year = {1990}
}

@article{Cooper1995,
  author = {Cooper, G. F.},
  journal = {Journal of Intelligent Information Systems},
  number = {1},
  pages = {71-88},
  title = {{A Bayesian method for learning belief networks that contain hidden variables}},
  volume = {4},
  year = {1995}
}

@inproceedings{Cooper1999,
  author = {Cooper, G. F. and Yoo, C.},
  booktitle = {Proceedings of the 15th Conference on Uncertainty in Artificial Intelligence},
  title = {{Causal discovery from a mixture of experimental and observational data}},
  year = {1999}
}

@book{Cormen2001,
  author = {Cormen, T. H. and Leiserson, C. E. and Rivest, R. L.},
  publisher = {McGraw-Hill},
  title = {{Introduction to Algorithms}},
  volume = {7},
  year = {2001}
}

@article{Costa2015,
  author = {Costa, L. and Smith, J. Q. and Nichols, T. and Cussens, J. and Duff, E. P. and Makin, T. R.},
  title = {Searching multiregression dynamic models of resting-state f{MRI} networks using integer programming},
  year = {2015},
  journal={Bayesian Analysis (to appear)}
}

@misc{Coste2002,
  author = {Coste, M.},
  title = {{An Introduction to Semialgebraic Geometry}},
  year = {2002}
}

@article{Covaliu1995,
  author = {Covaliu, Z. and Oliver, R. M.},
  journal = {Management science},
  number = {12},
  pages = {1860-1881},
  title = {{Representation and solution of decision problems using sequential decision diagrams}},
  volume = {41},
  year = {1995}
}

@book{Cowell1999a,
  author = {Cowell, R. G. and Dawid, A. P. and Lauritzen, S. L. and Spiegelhalter, D. J.},
  publisher = {Springer-Verlag},
  title = {{Probabilistic networks and expert systems}},
  year = {1999}
}

@techreport{Cowell2010,
  author = {Cowell, R. G. and Thwaites, P. A. and Smith, J. Q.},
  institution = {{CRISM}, The University of Warwick},
  title = {{Decision making with decision event graphs}},
  year = {2010},
  number={10-15}
}

@article{Cowell2011,
  title={Probabilistic expert systems for handling artifacts in complex {DNA} mixtures},
  author={Cowell, R. G. and Lauritzen, S. L. and Mortera, J.},
  journal={Forensic Science International: Genetics},
  volume={5},
  number={3},
  pages={202--209},
  year={2011},
  publisher={Elsevier}
}

@article{Cowell2014,
  title={Causal discovery through {MAP} selection of stratified chain event graphs},
  author={Cowell, R. G. and Smith, J. Q. },
  journal={Electronic Journal of Statistics},
  volume={8},
  pages={965--997},
  year={2014},
  publisher={Institute of Mathematical Statistics}
}

@book{Cox2000,
  author = {Cox, D. R. and Reid, N.},
  publisher = {Chapman \& Hall/CRC},
  title = {{The theory of the design of experiments}},
  year = {2000}
}

@book{Cox2007a,
  author = {Cox, D. A. and Little, J. and O'Shea, D.},
  publisher = {Springer},
  title = {{Ideals, varieties, and algorithms: an introduction to computational algebraic geometry and commutative algebra}},
  year = {2007}
}

@article{Cozman2000,
  title={Credal networks},
  author={Cozman, F. G.},
  journal={Artificial intelligence},
  volume={120},
  number={2},
  pages={199--233},
  year={2000},
  publisher={Elsevier}
}

@article{Craig2001,
  author = {Craig, P. S. and Goldstein, M. and Rougier, J. C. and Seheult, A. H.},
  journal = {Journal of the American Statistical Association},
  number = {454},
  pages = {717-729},
  title = {{Bayesian forecasting for complex systems using computer simulators}},
  volume = {96},
  year = {2001}
}

@phdthesis{Curds1997,
  author = {Curds, R. M.},
  school = {UCL},
  title = {{Propagation techniques in probabilistic expert systems}},
  year = {1997}
}

%%%%%%%%%%%%%%%%%%%%%%%%%%%%%%%%%%%%%%%%
%%%%%%%%%%%%%       D       %%%%%%%%%%%%%%%%%%%%%%
%%%%%%%%%%%%%%%%%%%%%%%%%%%%%%%%%%%%%%%%

@article{Dalkey1963,
  title={An experimental application of the {D}elphi method to the use of experts},
  author={Dalkey, N. and Helmer, O.},
  journal={Management Science},
  volume={9},
  number={3},
  pages={458--467},
  year={1963},
  publisher={INFORMS}
}

@incollection{Daneshkhah2004,
  author = {Daneshkhah, A. and Smith, J. Q.},
  booktitle = {Advances in Bayesian Networks},
  publisher={Springer},
  pages = {1-18},
  title = {{Hypercausality, randomisation, and local and global independence}},
  year = {2004}
}

@article{Darroch1980,
  author = {Darroch, J. N. and Lauritzen, S. L. and Speed, T. P.},
  journal = {The Annals of Statistics},
  number = {3},
  pages = {522-539},
  title = {{Markov Fields and Log-Linear Interaction Models for Contingency Tables}},
  volume = {8},
  year = {1980}
}

@inproceedings{Darwiche2002,
  author = {Darwiche, A.},
  booktitle = {KR 2},
  pages = {409-420},
  title = {{A logical approach to factoring belief networks}},
  year = {2002}
}

@article{Darwiche2003,
  author = {Darwiche, A.},
  journal = {Journal of the ACM},
  number = {3},
  pages = {280-305},
  title = {{A differential approach to inference in Bayesian networks}},
  volume = {50},
  year = {2003}
}

@article{Dawid1979,
  author = {Dawid, A. P.},
  journal = {Journal of the Royal Statistical Society. Series B },
  number = {1},
  pages = {1-31},
  title = {{Conditional independence in statistical theory}},
  volume = {41},
  year = {1979}
}

@article{Dawid1981,
  author = {Dawid, A. P.},
  journal = {Biometrika},
  number = {1},
  pages = {265-274},
  title = {{Some Matrix-Variate Distribution Theory: Notational Considerations and a Bayesian Application}},
  volume = {68},
  year = {1981}
}

@article{Dawid1993,
  author = {Dawid, A. P. and Lauritzen, S. L.},
  journal = {The Annals of Statistics},
  number = {3},
  pages = {1272-1317},
  title = {{Hyper Markov laws in the statistical analysis of decomposable graphical models}},
  volume = {21},
  year = {1993}
}

@article{Dawid99,
  author = {Dawid, A. P. and Studen\'{y}, M.},
  journal = {Artificial Intelligence and Statistics},
  title = {{Conditional products: an alternative approach to conditional independence}},
  volume = {99},
  year = {1999}
}

@article{Dawid2000,
  author = {Dawid, A. P.},
  journal = {Journal of the American Statistical Association},
  number = {450}, 
  pages = {407-424},
  title = {{Causal inference without counterfactuals}},
  volume = {95},
  year = {2000}
}

@article{Dawid2001,
  author = {Dawid, A. P.},
  journal = {Annals of Mathematical Statistics},
  pages = {335-372},
  title = {{Separoids: a mathematical framework for conditional independence and irrelevance}},
  volume = {32},
  year = {2001}
}

@article{Dawid2002a,
  author = {Dawid, A. P.},
  journal = {International Statistical Review},
  number = {2}, 
  pages = {161-189},
  title = {{Influence diagrams for causal modelling and inference}},
  volume = {70},
  year = {2002}
}

@article{Dawid2010,
  author = {Dawid, A. P. and Didelez, V.},
  journal = {Statistics Surveys},
  pages = {184-231},
  title = {{Identifying the consequences of dynamic treatment strategies: a decision-theoretic overview}},
  volume = {4},
  year = {2010}
}

@article{Dawid2014,
  title={A formal treatment of sequential ignorability},
  author={Dawid, A. P. and Constantinou, P.},
  journal={Statistics in Biosciences},
  volume={6},
  number={2},
  pages={166--188},
  year={2014},
  publisher={Springer}
}

@article{De2011,
  author = {De, S. and Faria, \'{A}. E.},
  journal = {Journal of Time Series Analysis},
  number = {6},
  pages = {607-617},
  title = {{Dynamic spatial Bayesian models for radioactivity deposition}},
  volume = {32},
  year = {2011}
}

@book{Definetti1974,
  title={Theory of Probability. Vol. 1},
  author={De Finetti, B.},
  year={1974},
  publisher={Wiley}
}

@book{DeGroot2005,
  author = {{de Groot}, M. H.},
  publisher = {John Wiley \& Sons},
  title = {{Optimal statistical decisions}},
  year = {1970}
}

@inproceedings{Dechter2000,
  author = {Dechter, R.},
  booktitle = {Workshop on Decision Theoretic Planning, {AIPS}},
  title = {{An anytime approximation for optimizing policies under uncertainty}},
  year = {2000}
}

@article{Demirer2006a,
  author = {Demirer, R. and Shenoy, P. P.},
  journal = {European Journal of Operational Research},
  number = {1},
  pages = {286-309},
  title = {{Sequential valuation networks for asymmetric decision problems}},
  volume = {169},
  year = {2006}
}

@article{Dempster1968,
  title={A generalization of {B}ayesian inference},
  author={Dempster, A. P.},
  journal={Journal of the Royal Statistical Society. Series B},
  pages={205-247},
  volume={30},
  number={2},
  year={1968},
  publisher={JSTOR}
}

@book{Denison2002,
  author = {Denison, D. G. T.},
  publisher = {John Wiley \& Sons},
  title = {{Bayesian methods for nonlinear classification and regression}},
  year = {2002}
}

@article{Detwarasiti2005,
  author = {Detwarasiti, A. and Shachter, R. D.},
  journal = {Decision Analysis},
  number = {4},
  pages = {207-228},
  title = {{Influence diagrams for team decision analysis}},
  volume = {2},
  year = {2005}
}

@article{Diaconis1998,
  title={Algebraic algorithms for sampling from conditional distributions},
  author={Diaconis, P. and Sturmfels, B.},
  journal={The Annals of Statistics},
  volume={26},
  number={1},
  pages={363--397},
  year={1998},
  publisher={Institute of Mathematical Statistics}
}

@book{Diggle2007,
  title={Model-based geostatistics},
  author={Diggle, P. and Ribeiro, P. J.},
  year={2007},
  publisher={Springer Science \& Business Media}
}

@article{Dionisio2008,
  author = {Dionisio, A. and Reis, A. H. and Coelho, L.},
  journal = {Physica A: Statistical Mechanics and its Applications},
  number = {15},
  pages = {3862-3867},
  title = {{Utility function estimation: The entropy approach}},
  volume = {387},
  year = {2008}
}

@inproceedings{Dittmer1997,
  author = {Dittmer, S. L. and Jensen, F. V.},
  booktitle = {Proceedings of the 13th Conference on Uncertainty in Artificial Intelligence}, 
  pages = {142-149},
  title = {{Myopic value of information in influence diagrams}},
  year = {1997}
}

@book{Dobson2001,
  author = {Dobson, A. J.},
  publisher = {Chapman \& Hall/CRC},
  title = {{An introduction to generalized linear models}},
  year = {2001}
}

@article{Dodd2006,
  author = {Dodd, L. and Moffat, J. and Smith, J. Q.},
  journal = {The Journal of the Operational Research Society},
  number = {6},
  pages = {643-654},
  title = {{Discontinuity in decision-making when objectives conflict: a military command decision case study}},
  volume = {57},
  year = {2006}
}

@article{Dodd2012,
  author = {Dodd, L. and Smith, J. Q.},
  journal = {Journal of the Operational Research Society},
  number = {1},
  pages = {17--33},
  publisher = {Nature Publishing Group},
  title = {{Devolving command decisions in complex operations}},
  volume = {64},
  year = {2012}
}

@article{Drton2007,
  author = {Drton, M. and Sturmfels, B. and Sullivant, S.},
  journal = {Probability Theory and Related Fields},
  number = {3},
  pages = {1-31},
  title = {{Algebraic factor analysis: tetrads, pentads and beyond}},
  volume = {138},
  year = {2007}
}

@article{Drton2009,
  title={Discrete chain graph models},
  author={Drton, M.},
  journal={Bernoulli},
  volume={15},
  number={3},
  pages={736--753},
  year={2009},
  publisher={Bernoulli Society for Mathematical Statistics and Probability}
}

@article{Drton2009a,
  author = {Drton, M. and Xiao, H.},
  journal = {Contemporary Mathematics},
  pages = {155-177},
  title = {{Smoothness of Gaussian conditional independence models}},
  volume = {516},
  year = {2009}
}

@book{Drton2009b,
  author = {Drton, M. and Sturmfels, B. and Sullivant, S.},
  publisher = {Springer},
  title = {{Lectures on algebraic statistics}},
  year = {2009}
}

@article{Dyer1982,
  author = {Dyer, J. S. and Sarin, R. K.},
  journal = {Management Science},
  number = {8},
  pages = {875-887},
  title = {{Relative risk aversion}},
  volume = {28},
  year = {1982}
}

%%%%%%%%%%%%%%%%%%%%%%%%%%%%%%%%
%%%%%%%%%%     E      %%%%%%%%%%%%%%%%%%
%%%%%%%%%%%%%%%%%%%%%%%%%%%%%%%%

@article{Edwards1983,
  author = {Edwards, D. and Kreiner, S.},
  journal = {Biometrika},
  number = {3},
  pages = {553-565},
  title = {{The Analysis of Contingency Tables by Graphical Models}},
  volume = {70},
  year = {1983}
}

@article{Ehrhardt1993,
  author = {Ehrhardt, J. and Pasler-Sauer, J. and Schule, O. and Benz, G. and Rafat, M. and Richter, J.},
  journal = {Radiation Protection Dosimetry},
  number = {2-4},
  pages = {195-203},
  title = {{Development of {RODOS}, a comprehensive decision support system for nuclear emergencies in Europe - an overview}},
  volume = {50},
  year = {1993}
}

@article{Ehrhardt1997a,
  author = {Ehrhardt, J.},
  journal = {Radiation Protection Dosimetry}, 
  number = {1},
  pages = {35-40},
  title = {{The RODOS System: Decision Support for Off-Site Emergency Management in Europe}},
  volume = {73},
  year = {1997}
}

@techreport{Ehrhardt2000,
  author = {Ehrhardt, J. and Weis, A.},
  institution = {European Commission},
  title = {{RODOS : Decision support system for off-site nuclear emergency management in Europe}},
  year = {2000}
}

@inproceedings{Eichler2007,
  author = {Eichler, M. and Didelez, V.}, 
  booktitle = {Proceedings of the 23rd Conference on Uncertainty in Artificial Intelligence},
  pages = {109-116},
  title = {{Causal reasoning in graphical time series models}},
  year = {2007}
}

@article{Ellis2008,
  author = {Ellis, B. and Wong, W. H.},
  journal = {Journal of the American Statistical Association},
  number = {482}, 
  pages = {778-789},
  title = {{Learning causal Bayesian network structures from experimental data}},
  volume = {103},
  year = {2008}
}

@article{Engel2008,
  author = {Engel, Y. and Wellman, M. P.},
  journal = {Journal of Artificial Intelligence Research},
  pages = {83-112},
  title = {{CUI networks: a graphical representation for conditional utility independence}},
  volume = {31},
  year = {2008}
}

@article{Eom99,
  author = {Eom, S. B. and Min, H.},
  journal = {Journal of Multicriteria Decision Analysis},
  pages = {239-255},
  title = {{The contributions of multi-¬êcriteria decision making to the development of decision support systems subspecialties: an empirical investigation}},
  volume = {8},
  year = {1999}
}

@techreport{EuropeanCommission,
  author = {{European Commission}},
  title = {{RODOS Decision support for nuclear emergency management}}
}

%%%%%%%%%%%%%%%%%%%%%%%%%%%%%%%%%%%%%
%%%%%%%%             F              %%%%%%%%%%%%%%%%%%%%
%%%%%%%%%%%%%%%%%%%%%%%%%%%%%%%%%%%%%

@incollection{Faria1996,
  title={Conditional external {B}ayesianity in decomposable influence diagrams},
  author={Faria, \'{A}. E. and Smith, J. Q.},
  booktitle={Bayesian Statistics 5},
  pages={551--560},
  year={1996},
}

@phdthesis{Faria1996a,
  author = {Faria, \'{A}. E.},
  school = {The University of Warwick},
  title = {{Graphical Bayesian models in multivariate expert judgements and conditional external Bayesianity}},
  year = {1996}
}

@article{Faria1997,
  author = {Faria, \'{A}. E. and Smith, J. Q.},
  journal = {The Annals of Statistics},
  number = {4},
  pages = {1740-1761},
  title = {{Conditionally externally Bayesian pooling operators in chain graphs}},
  volume = {25},
  year = {1997}
}

@article{Farquhar1975,
  author = {Farquhar, P. H.},
  journal = {Operations Research},
  number = {5},
  pages = {941-967},
  title = {{A fractional hypercube decomposition theorem for multiattribute utility functions}},
  volume = {23},
  year = {1975}
}

@techreport{Farr2015,
  author={Farr, A. C. and Simpson, D. and Ruggeri, F. and Mengersen, K.},
  title={Combining opinions for use in {B}ayesian networks: a measurement error approach},
  year={2015},
  institution={ePrints, Queensland University of Technology},
}

@article{Felli1998,
  author = {Felli, J. C. and Hazen, G. B.},
  journal = {Medical Decision Making},
  month = jan,
  number = {1},
  pages = {95-109},
  title = {{Sensitivity analysis and the expected value of perfect information}},
  volume = {18},
  year = {1998}
}

@article{FernandezdelPozo2005,
  author = {{Fern\'{a}ndez del Pozo}, J. A. and Bielza, C. and G\'{o}mez, M.},
  journal = {European Journal of Operational Research},
  number = {3},
  pages = {638-662},
  title = {{A list-based compact representation for large decision tables management}},
  volume = {160},
  year = {2005}
}

@article{fishburn,
  author = {Fishburn, P. C.},
  journal = {International Economic Review},
  number = {3},
  pages = {335-342},
  title = {{Interdependence and additivity in multivariate, unidimensional expected utility theory}},
  volume = {8},
  year = {1967}
}

@article{Flari2011,
  author = {Flari, V. and Chaudhry, Q. and Neslo, R. and Cooke, R. M.},
  journal = {Journal of Nanoparticle Research},
  number = {5},
  title = {{Expert judgment based multi-criteria decision model to address uncertainties in risk assessment of nanotechnology-enabled food products}},
  volume = {13},
  year = {2011}
}

@article{Freeman2011,
  author = {Freeman, G. and Smith, J. Q.},
  journal = {Journal of Multivariate Analysis},
  number = {2},
  pages = {1152-1165},
  title = {{Bayesian MAP model selection of chain event graphs}},
  volume = {102},
  year = {2011}
}

@article{Freeman2011a,
  author = {Freeman, G. and Smith, J. Q.},
  journal = {Bayesian Analysis},
  number = {2},
  pages = {279-305},
  title = {{Dynamic staged trees for discrete multivariate time series: forecasting, model selection and causal analysis}},
  volume = {6},
  year = {2011}
}

@article{French1980,
  title={Updating of belief in the light of someone else's opinion},
  author={French, S.},
  journal={Journal of the Royal Statistical Society. Series A},
  pages={43--48},
  volume={143},
  number={1},
  year={1980},
  publisher={JSTOR}
}

@incollection{French1985,
  author = {French, S.},
  booktitle = {Bayesian Statistics 2},
  pages = {183-202},
  title = {{Group consensus probability distributions: a critical survey}},
  year = {1985}
}

@incollection{French1991, 
  author={French, S. and Cooke, R. M. and Vogt, F.},
  title={The use of expert judgement in the context of a physical model},
  year={1991},
  pages={617-624},
  booktitle={Bayesian Statistics 4}
}

@article{French95,
  author = {French, S.},
  journal = {Journal of the Operational Research Society},
  number = {1},
  pages = {70-79},
  title = {{Uncertainty and imprecision: modelling and analysis}}, 
  volume = {46},
  year = {1995}
}

@article{French96,
  author = {French, S.},
  journal = {Journal of Multicriteria Decision Analysis},
  pages = {39-57},
  title = {{Multiattribute decision support in the event of a nuclear accident}},
  volume = {5},
  year = {1996}
}

@article{French97,
  author = {French, S.},
  journal = {Radiation Protection Dosimetry},
  number = {1},
  pages = {11-15},
  title = {{Uncertainty modelling, data assimilation and decision support for management of off-site nuclear emergencies}},
  year = {1997}
}

@book{French2000b,
  author = {French, S. and {Rios Insua}, D.},
  publisher = {Wiley},
  title = {{Statistical decision theory}},
  year = {2000}
}

@article{French2003,
  author = {French, S. and West, B. S.},
  journal = {Top},
  number = {2},
  pages = {229-251},
  title = {{Modelling, making inferences and making decisions: the roles of sensitivity analysis}},
  volume = {11},
  year = {2003}
}

@article{French2005,
  author = {French, S. and Niculae, C.},
  journal = {Journal of Homeland Security and Emergency Management},
  number = {1},
  title = {{Believe in the model: mishandle the emergency}},
  volume = {2},
  year = {2005}
}

@book{French2009,
  author = {French, S. and Maule, J. and Papamichail, K. N.},
  publisher = {Cambridge University Press},
  title = {{Decision behaviour, analysis and support}},
  year = {2009}
}

@article{French2011,
  author = {French, S.},
  journal = {Revista de la Real Academia de Ciencias Exactas, Fisicas y Naturales. Serie A. Matematicas},
  number = {1},
  pages = {181-206},
  title = {{Aggregating expert judgement}},
  volume = {105},
  year = {2011}
}

@article{French2012,
  author = {French, S.},
  journal = {Decision Analysis},
  number = {2},
  pages = {119-127},
  title = {{Expert judgment, meta-analysis, and participatory risk analysis}},
  volume = {9},
  year = {2012}
}

@inproceedings{Friedman1997,
  author = {Friedman, N.},
  booktitle = {ICML},
  pages = {125-133},
  title = {{Learning belief networks in the presence of missing values and hidden variables}},
  year = {1997}
}

@inproceedings{Friedman1999,
  author = {Friedman, N. and Getoor, L. and Koller, D. and Pfeffer, A.},
  booktitle = {IJCAI-99},
  number = {August},
  pages = {1300-1309},
  title = {{Learning Probabilistic Relational Models}},
  year = {1999}
}

@article{Frydenberg1990,
  title={The chain graph {M}arkov property},
  author={Frydenberg, M.},
  journal={Scandinavian Journal of Statistics},
  pages={333--353},
  year={1990},
  volume={17},
  publisher={JSTOR}
}

%%%%%%%%%%%%%%%%%%%%%%%%%%%%%%%%%%
%%%%%%%%%%%%     G      %%%%%%%%%%%%%%%%%%
%%%%%%%%%%%%%%%%%%%%%%%%%%%%%%%%%%

@book{Gabbay1985,
  title={Theoretical foundations for non-monotonic reasoning in expert systems},
  author={Gabbay, D. M.},
  year={1985},
  publisher={Springer}
}

@inproceedings{Gal2003,
  address = {New York, New York, USA},
  author = {Gal, Y. and Pfeffer, A.},
  booktitle = {Proceedings of the second international joint conference on Autonomous agents and multiagent systems - AAMAS '03},
  pages = {265-272},
  publisher = {ACM Press},
  title = {{A language for modeling agents' decision making processes in games}},
  year = {2003}
}

@article{Gal2008,
  author = {Gal, Y. and Pfeffer, A.},
  journal = {Journal of Artificial Intelligence Research},
  pages = {109-147},
  title = {{Networks of influence diagrams: A formalism for representing agents' beliefs and decision-making processes}},
  volume = {33},
  year = {2008}
}

@article{Garcia2005,
  author = {Garcia, L. D. and Stillman, M. and Sturmfels, B.},
  journal = {Journal of Symbolic Computation},
  number = {3-4},
  pages = {331-355},
  title = {{Algebraic geometry of Bayesian networks}},
  volume = {39},
  year = {2005}
}

@inproceedings{Geiger1994,
  author = {Geiger, D. and Heckerman, D.},
  booktitle = {Proceedings of the 10th Conference on Uncertainty in Artificial Intelligence},
  pages = {235-243},
  title = {{Learning Gaussian networks}},
  year = {1994}
}

@article{Geiger1997,
  author = {Geiger, D. and Heckerman, D.},
  journal = {The Annals of Statistics},
  number = {3},
  pages = {1344-1369},
  title = {{A characterization of the Dirichlet distribution through global and local parameter independence}},
  volume = {25},
  year = {1997}
}

@article{Geiger2002,
  author={Geiger, D. and Heckerman, D. },
  title={Parameter priors for directed acyclic graphical models and the characterization of several probability distributions},
  year={2002},
  journal={Annals of Statistics},
  number={5},
  volume={30},
  pages={1412-1440}
}

@article{Geiger2006,
  author = {Geiger, D. and Meek, C. and Sturmfels, B.},
  journal = {The Annals of Statistics},
  number = {3},
  pages = {1463-1492},
  title = {{On the toric algebra of graphical models}},
  volume = {34},
  year = {2006}
}

@article{Geldermann2009,
  author = {Geldermann, J. and Bertsch, V. and Treitz, M. and French, S. and Papamichail, K. N. and Hamalainen, R.},
  journal = {Omega},
  number = {1},
  pages = {238-251},
  title = {{Multicriteria decision support and evaluation of strategies for nuclear remediation management}},
  volume = {37},
  year = {2009}
}

@book{Gelman2006,
  title={Data analysis using regression and multilevel/hierarchical models},
  author={Gelman, A. and Hill, J.},
  year={2006},
  publisher={Cambridge University Press}
}

@article{Genest84,
  author = {Genest, C.},
  journal = {The Annals of Statistics},
  number = {3},
  pages = {1100-1105},
  title = {{A characterization theorem for externally Bayesian groups}},
  volume = {12},
  year = {1984}
}

@article{Genest86,
  author = {Genest, C. and McConway, K. J. and Schervish, M. J.},
  journal = {The Annals of Statistics},
  number = {2},
  pages = {487-501},
  title = {{Characterization of externally Bayesian pooling operators}},
  volume = {14},
  year = {1986}
}

@book{Genton2004,
  author = {Genton, M. G.},
  publisher = {Chapman \& Hall/CRC},
  title = {{Skew-elliptical distributions and their applications: a journey beyond normality}},
  year = {2004}
}

@article{Gerber1998,
  author = {Gerber, H. U. and Pafumi, G.},
  journal = {North American Actuarial Journal},
  number = {3},
  pages = {74-91},
  title = {{Utility functions: from risk theory to finance}},
  volume = {2},
  year = {1998}
}

@article{Gering2013,
  author = {Gering, F. and Gerich, B. and Wirth, E. and Kirchner, G.},
  journal = {Radiation Protection Dosimetry}, 
  number = {2},
  pages = {146-154},
  title = {{Potential consequences of the Fukushima accident for off-site nuclear emergency management: a case study for Germany.}},
  volume = {155},
  year = {2013}
}

@incollection{Getoor2007,
  author = {Getoor, L. and Friedman, N. and Koller, D. and Pfeffer, A. and Taskar, B.},
  booktitle = {Introduction to Statistical Relational Learning},
  title = {{Probabilistic relational models}},
  year = {2007}
}

@book{Geweke2003,
  author = {Geweke, J.},
  publisher = {John Wiley \& Sons},
  title = {{Contemporary Bayesian econometrics and statistics}},
  year = {2003}
}

@book{Gibilisco2010,
  author = {Gibilisco, P. and Riccomagno, E. and Rogantin, M. P. and Wynn, H. P.},
  publisher = {Cambridge University Press},
  title = {{Algebraic and geometric methods in statistics}},
  year = {2010}
}

@book{Gilks1996,
  author = {Gilks, W. R. and Richardson, S. and Spiegelhalter, D. J.},
  publisher = {Chapman \& Hall},
  title = {{Markov chain {M}onte {C}arlo in practice}},
  year = {1996}
}

@article{Goldstein96,
  author = {Goldstein, M. and O'Hagan, A.},
  journal = {Journal of the Royal Statistical Society. Series B },
  number = {2},
  pages = {301-316},
  title = {{Bayes linear sufficiency and systems of expert posterior assessments}},
  volume = {58},
  year = {1996}
}

@incollection{Goldstein1998,
  author = {Goldstein, M.},
  booktitle = {Encyclopedia of Statistical Sciences},
  number = {1},
  publisher = {Wiley},
  title = {{Bayes linear analysis}},
  volume = {3},
  year = {1998}
}

@article{Goldstein2006,
  title={Bayes linear calibrated prediction for complex systems},
  author={Goldstein, M. and Rougier, J.},
  journal={Journal of the American Statistical Association},
  volume={101},
  number={475},
  year={2006},
  pages={1132-1143}
}

@article{Goldstein2006a,
  author = {Goldstein, M.},
  journal = {Bayesian Analysis},
  number = {3},
  pages = {403-420},
  title = {{Subjective Bayesian analysis: principles and practice}},
  volume = {1},
  year = {2006}
}

@book{Goldstein2007,
  author = {Goldstein, M. and Wooff, D.},
  publisher = {Wiley},
  title = {{Bayes linear statistics, theory \& methods}},
  year = {2007}
}

@incollection{Gomez2004,
  author = {G\'{o}mez, M.},
  booktitle = {Advances in Bayesian networks},
  pages = {161-180},
  publisher = {Springer},
  title = {{Real-world applications of influence diagrams}},
  year = {2004}
}

@article{Gomez2007,
  author = {G\'{o}mez, M. and Bielza, C. and {Fern\'{a}ndez del Pozo}, J. A. and R\'{\i}os-Insua, S.},
  journal = {Medical Decision Making},
  number = {3},
  pages = {250-265},
  title = {{A graphical decision-theoretic model for neonatal jaundice.}},
  volume = {27},
  year = {2007}
}

@article{Gomez-Villegas2007,
  author = {G\'{o}mez-Villegas, M. \'{A}. and Ma\'{\i}n, P. and Susi, R.},
  journal = {Communications in Statistics - Theory and Methods},
  number = {3},
  pages = {523-539},
  title = {{Sensitivity analysis in Gaussian Bayesian networks using a divergence measure}},
  volume = {36},
  year = {2007}
}

 @inproceedings{Gomez-Villegas2008,
  author = {G\'{o}mez-Villegas, M. \'{A}. and Ma\'{\i}n, P. and Susi, R.},
  booktitle = {Proceedings of the 4th European Workshop on Probabilistic Graphical Models},
  pages = {145-152},
  title = {{Sensitivity of Gaussian Bayesian networks to inaccuracies in their parameters}},
  year = {2008}
}

@article{Gomez-Villegas2011,
  author = {G\'{o}mez-Villegas, M. \'{A}. and Ma\'{\i}n, P. and Navarro, H. and Susi, R.},
  journal = {Expert Systems with Applications},
  number = {10},
  pages = {12409-12414},
  title = {{Evaluating the difference between graph structures in Gaussian Bayesian networks}},
  volume = {38},
  year = {2011}
}

@article{Gomez-Villegas2013,
  author = {G\'{o}mez-Villegas, M. \'{A}. and Ma\'{\i}n, P. and Susi, R.},
  journal = {Information Sciences},
  month = feb,
  pages = {439-458},
  title = {{The effect of block parameter perturbations in Gaussian Bayesian networks: sensitivity and robustness}},
  volume = {222},
  year = {2013}
}

@article{Gonul2006,
  author = {G\"{o}n\"{u}l, M. S. and \"{O}nkal, D. and Lawrence, M.},
  journal = {Decision Support Systems},
  number = {3},
  pages = {1481-1493},
  title = {{The effects of structural characteristics of explanations on use of a DSS}},
  volume = {42},
  year = {2006}
}

@inproceedings{Gonzales2004,
  author = {Gonzales, C. and Perny, P.},
  booktitle = {Proceedings of the 9th International Conference on the Principles of Knowledge Representation and Reasoning},
  pages = {224-233},
  title = {{GAI networks for utility elicitation}},
  year = {2004}
}

@unpublished{Gonzales2006,
  author = {Gonzales, C. and Perny, P. and Queiroz, S.},
  keywords = {gai-nets,preference aggregation,preference modelling},
  title = {{Preference aggregation in combinatorial domains using GAI-nets}},
  year = {2006}
}

@inproceedings{Gonzales2008,
  author = {Gonzales, C. and Perny, P. and Queiroz, S.},
  booktitle = {AAAI},
  pages = {1037-1042},
  title = {{Preference Aggregation with Graphical Utility Models}},
  year = {2008}
}

@phdthesis{Gorgen2013,
  author = {G\"{o}rgen, C.},
  school = {Karlsruhe Institute of Technology},
  title = {{Methods of Semi-Algebraic Geometry in Gaussian Statistical Models}},
  year = {2013}
}

@misc{Gorgen2015,
  title={A differential approach for staged trees},
  author={G\"{o}rgen, C. and Leonelli, M. and Smith, J. Q.},
  year={2015},
  note={Accepted to {ECSQARU2015}}
}

@article{Greenland1999,
  title={Confounding and collapsibility in causal inference},
  author={Greenland, S. and Robins, J. M. and Pearl, J.},
  journal={Statistical Science},
  pages={29-46},
  volume={14},
  number={1},
  year={1999},
  publisher={JSTOR}
}

%%%%%%%%%%%%%%%%%%%%%%%%%%%%%%
%%%%%%%%%     H      %%%%%%%%%%%%%%%%%
%%%%%%%%%%%%%%%%%%%%%%%%%%%%%%

@incollection{Hall2008,
  author = {Hall, D. J.},
  booktitle = {Handbook on Decision Support Systems 1},
  pages = {83-102},
  publisher = {Springer},
  title = {{Decision makers and their need for support}},
  year = {2008}
}

@article{Harrison1976,
  title={Bayesian forecasting},
  author={Harrison, P. J. and Stevens, C. F.},
  journal={Journal of the Royal Statistical Society. Series B },
  pages={205--247},
  year={1976},
  volume={38},
  number={3},
  publisher={JSTOR}
}

@article{Harrison1980,
  author = {Harrison, P. J. and Smith, J. Q.},
  journal = {Trabajos de Estadistica Y de Investigacion Operativa},
  number = {1},
  pages = {99-140},
  title = {{Discontinuity, decision and conflict}},
  volume = {31},
  year = {1980}
}

@incollection{Haylock1996,
  title={On inference for outputs of computationally expensive algorithms with uncertainty on the inputs},
  author={Haylock, R. G. and O‚ÄôHagan, A.},
  booktitle={Bayesian Statistics 5},
  pages={629--637},
  year={1996}
}

@article{He2008,
  author = {He, Y. B. and Geng, Z.},
  journal = {Journal of Machine Learning Research},
  number = {11},
  pages = {2523-2547},
  title = {{Active learning of causal networks with intervention experiments and optimal designs}},
  volume = {9},
  year = {2008}
}

@article{Heckerman1990,
  title={Probabilistic similarity networks},
  author={Heckerman, D.},
  journal={Networks},
  volume={20},
  number={5},
  pages={607-636},
  year={1990},
  publisher={Wiley Online Library}
}

@article{Heckerman95,
  author = {Heckerman, D. and Geiger, D. and Chickering, D. M.},
  journal = {Machine learning},
  number = {3},
  pages = {197-243},
  title = {{Learning Bayesian networks: the combination of knowledge and statistical data}},
  volume = {20},
  year = {1995}
}

@article{Heckerman1995,
  title={Real-world applications of {B}ayesian networks},
  author={Heckerman, D. and Mamdani, A. and Wellman, M. P.},
  journal={Communications of the ACM},
  volume={38},
  number={3},
  pages={24--26},
  year={1995},
  publisher={ACM}
}

@article{Heckerman1995a,
  author = {Heckerman, D. and Shachter, R. D.},
  journal = {Journal of Artificial Intelligence Research},
  pages = {405-430},
  title = {{Decision theoretic foundations for causal reasoning}},
  volume = {3},
  year = {1995}
}

@inproceedings{Heckerman1995b,
  author = {Heckerman, D.},
  booktitle = {Proceedings of the 11th Conference on Uncertainty in Artificial Intelligence},
  pages = {285-295},
  title = {{A Bayesian approach to learning causal networks}},
  year = {1995}
}

@incollection{Heckerman1996,
  author = {Heckerman, D.},
  booktitle = {Learning in Graphical Models},
  number = {November},
  pages = {301-354},
  title = {{A tutorial on learning with Bayesian networks}},
  volume = {1995},
  year = {1996}
}

@book{Higgins2008,
  title={Cochrane handbook for systematic reviews of interventions},
  author={Higgins, J. P. T. and Green, S.},
  year={2008},
  publisher={Wiley Online Library}
}

@book{Hillier2001,
  author = {Hillier, F. S. and Lieberman, G. J.},
  publisher = {McGraw-Hill},
  title = {{Introduction to operations research}},
  year = {2001}
}

@misc{Hoe2003,
  title={{ARGOS} - a decision support system for nuclear emergencies},
  author={Hoe, S. and M{\"u}ller, H.},
  year={2003},
  howpublished={{IAEA} - {INIS}}
}

@article{Hohenberg2004,
  author = {Hohenberg, J. and Kelly, N.},
  journal = {Radiation protection dosimetry},
  number = {1-2},
  pages = {1},
  title = {{Introduction: off-site nuclear emergency management--capabilities and challenges.}},
  volume = {109},
  year = {2004}
}

@inproceedings{Horsch1998,
  author = {Horsch, M. C. and Poole, D.},
  booktitle = {Proceedings of the Fourteenth conference on Uncertainty in artificial intelligence},
  pages = {246-255},
  title = {{An anytime algorithm for decision making under uncertainty}},
  year = {1998}
}

@article{Howard2005,
  author = {Howard, R. A. and Matheson, J. E.},
  journal = {Decision Analysis},
  number = {3},
  pages = {127-143},
  publisher = {INFORMS},
  title = {{Influence diagrams}},
  volume = {2},
  year = {2005}
}

@incollection{Howard1983,
  author = {Howard, R. A. and Matheson, J. E.},
  title = {Influence diagrams},
  year={1983},
  booktitle = {Readings on the principles and applications of decision analysis},
  pages = {719-763}
}

@article{Howard2005a,
  author = {Howard, R. A. and Matheson, J. E.},
  journal = {Decision Analysis},
  number = {3},
  pages = {144-147},
  title = {{Influence diagram retrospective}},
  volume = {2},
  year = {2005}
}

@unpublished{Hughes2009,
  author = {Hughes, N.},
  number = {May},
  title = {{A historical overview of strategic scenario planning}},
  year = {2009}
}

%%%%%%%%%%%%%%%%%%%%%%%%%%%%%%%
%%%%%%%%%%     I     %%%%%%%%%%%%%%%%%
%%%%%%%%%%%%%%%%%%%%%%%%%%%%%%%

@article{Ikefuji2012,
  author = {Ikefuji, M. and Laeven, R. J. A. and Magnus, J. R. and Muris, C.},
  journal = {Theory and Decision},
  number = {1},
  pages = {43-57},
  title = {{Pareto utility}},
  volume = {75},
  year = {2012}
}

@article{Imai2009,
  author = {Imai, K. and Tingley, D. and Yamamoto, T.},
  journal = {Journal of the Royal Statistical Society: Series A},
  number = {1},
  pages = {5-51},
  title = {{Experimental designs for identifying causal mechanisms}},
  volume = {176},
  year = {2013}
}

%%%%%%%%%%%%%%%%%%%%%%%%%%%%%%%
%%%%%%%%%%      J     %%%%%%%%%%%%%%%%%
%%%%%%%%%%%%%%%%%%%%%%%%%%%%%%%

@article{Jaeger2004,
  title={Probabilistic decision graphs - combining verification and {AI} techniques for probabilistic inference},
  author={Jaeger, M.},
  journal={International Journal of Uncertainty, Fuzziness and Knowledge-Based Systems},
  volume={12},
  pages={19--42},
  year={2004},
  publisher={World Scientific}
}

@inproceedings{Jensen2002,
  author = {Jensen, F. V. and Vomlelov\'{a}, M.},
  booktitle = {Proceedings of the 18th Conference on Artificial Intelligence},
  pages = {234-241},
  title = {{Unconstrained influence diagrams}},
  year = {2002}
}

@inproceedings{Jensen1994,
  author = {Jensen, F. and Jensen, F. V. and Dittmer, S. L.},
  booktitle = {Proceedings of the 10th Conference on Uncertainty in Artificial Intelligence},
  pages = {367-373},
  title = {{From influence diagrams to junction trees}},
  year = {1994}
}

@article{Jensen2006,
  author = {Jensen, F. V. and Nielsen, T. D. and Shenoy, P. P.},
  journal = {International Journal of Approximate Reasoning},
  number = {1},
  pages = {101-118},
  title = {{Sequential influence diagrams: a unified asymmetry framework}},
  volume = {42},
  year = {2006}
}

@book{Jensen2009,
  author = {Jensen, F. V. and Nielsen, T. D.},
  publisher = {Springer},
  title = {{Bayesian networks and decision graphs}},
  year = {2009}
}

@article{Jensen2012,
  author = {Jensen, F. V. and Gatti, E.},
  journal = {International Journal of Approximate Reasoning},
  number = {9},
  pages = {1388-1396},
  publisher = {Elsevier Inc.},
  title = {{Information enhancement‚Äîa tool for approximate representation of optimal strategies from influence diagrams}}, 
  volume = {53},
  year = {2012}
}

@article{Jensen2013,
  author = {Jensen, F. V. and Nielsen, T. D.},
  journal = {Annals of Operations Research},
  number = {1},
  pages = {223-248},
  title = {{Probabilistic decision graphs for optimization under uncertainty}},
  volume = {204},
  year = {2013}
}

@article{Jewell2009,
  title={Bayesian analysis for emerging infectious diseases},
  author={Jewell, C. P. and Kypraios, T. and Neal, P. and Roberts, G. O. },
  journal={Bayesian Analysis},
  volume={4},
  number={3},
  pages={465--496},
  year={2009},
  publisher={International Society for Bayesian Analysis}
}

@article{Jimison1992,
  author = {Jimison, H. B. and Fagan, L. M. and Shachter, R. D. and Shortliffe, E. H.},
  journal = {Artificial Intelligence in Medice},
  pages = {191-205},
  title = {{Patient-specific explanation in models of chronic disease}},
  volume = {4},
  year = {1992}
}

@article{Jirousek2003,
  author = {Jirousek, R. and Vejnarova, J.},
  journal = {Soft Computing},
  number = {5},
  pages = {328-335},
  title = {{Construction of multidimensional models by operators of composition: current state of art}}, 
  volume = {7},
  year = {2003}
}

@article{Johnson2012a,
  author = {Johnson, S. and Mengersen, K.},
  journal = {Integrated Environmental Assessment and Management},
  number = {3},
  pages = {480-90},
  title = {{Integrated Bayesian network framework for modeling complex ecological issues}},
  volume = {8},
  year = {2012}
}

@article{Johnson2012,
  author = {Johnson, S. and Low-Choy, S. and Mengersen, K.},
  journal = {Integrated Environmental Assessment and Management},
  number = {3},
  pages = {473-479},
  title = {{Integrating Bayesian networks and geographic information systems: good practice examples}}, 
  volume = {8},
  year = {2012}
}

@article{Johnson2013,
  author = {Johnson, S. and Marker, L. and Mengersen, K. and Gordon, C. H. and Melzheimer, J. and Schmidt-Juntzel, A. and Nghikembua, M. and Fabiano, E. and Henghali, J. and Wachter, B.},
  journal = {Ecosphere},
  number = {7},
  title = {{Modeling the viability of the free-ranging cheetah population in Namibia: an object-oriented Bayesian network approach}},
  volume = {4},
  year = {2013}
}

@article{Johnson2014,
  author = {Johnson, S. and Abal, E. and Ahern, K. and Hamilton, G.},
  journal = {Statistical Science},
  number = {1},
  pages = {36-41},
  title = {{From science to management: using Bayesian networks to learn about Lyngbya}},
  volume = {29},
  year = {2014}
}

@article{Jones-Lee79,
  author = {Jones-Lee, M.W .},
  journal = {The Economic Journal},
  number = {356},
  pages = {834-849},
  title = {{The expected conditional utility theorem for the case of personal probabilities and state-conditional utility functions: a proof and some notes}},
  volume = {89},
  year = {1979}
}

@article{Jordan2004,
  title={Graphical models},
  author={Jordan, M. I.},
  journal={Statistical Science},
  pages={140--155},
  year={2004},
  volume={19},
  number={1},
  publisher={JSTOR}
}

%%%%%%%%%%%%%%%%%%%%%%%%%%%%
%%%%%%%%%%%    K    %%%%%%%%%%%%%%
%%%%%%%%%%%%%%%%%%%%%%%%%%%%

@article{Kahneman1979,
  title={Prospect theory: an analysis of decision under risk},
  author={Kahneman, D. and Tversky, A.},
  journal={Econometrica},
  pages={263-291},
  volume={47},
  number={2},
  year={1979},
  publisher={JSTOR}
}

@article{Kaiser2010,
  author = {Kaiser, J. C. and Gering, F. and Astrup, P. and Mikkelsen, T.},
  journal = {Radioprotection},
  number = {5},
  pages = {123-131},
  title = {{Data assimilation approaches in the EURANOS project}},
  volume = {45},
  year = {2010}
}

@article{Kalman1960,
  title={A new approach to linear filtering and prediction problems},
  author={Kalman, R. E.},
  journal={Journal of Fluids Engineering},
  volume={82},
  number={1},
  pages={35--45},
  year={1960},
  publisher={American Society of Mechanical Engineers}
}

@book{Karlin1975,
  author = {Karlin, S. and Taylor, H. M.}, 
  booktitle = {Academic Press, New York}, 
  publisher = {Taylor - Academic Press},
  title = {{A first course in stochastic processes}},
  year = {1975}
}

@article{Karni1993,
  author = {Karni, E.},
  journal = {Econometrica: Journal of the Econometric Society},
  number = {1},
  pages = {187-198},
  title = {{A definition of subjective probabilities with state-dependent preferences}},
  volume = {61},
  year = {1993}
}

@article{Keeney72,
  author = {Keeney, R. L.},
  journal = {Management Science},
  number = {5},
  pages = {276-287},
  title = {{Utility functions for multiattributed consequences}},
  volume = {18},
  year = {1972}
}

@article{Keeney1974,
  author = {Keeney, R. L.},
  journal = {Operations Research},
  number = {1},
  pages = {22-34},
  title = {{Multiplicative utility functions}},
  volume = {22},
  year = {1974}
}

@article{Keeney1976,
  title={A group preference axiomatization with cardinal utility},
  author={Keeney, R. L.},
  journal={Management Science},
  volume={23},
  number={2},
  pages={140--145},
  year={1976},
  publisher={INFORMS}
}

@book{Keeney1993a,
  author = {Keeney, R. L. and Raiffa, H.},
  publisher = {Cambridge University Press},
  title = {{Decision with multiple objectives: preferences and value trade-offs}},
  year = {1976}
}

@book{Keeney2009,
  title={Value-focused thinking: a path to creative decision making},
  author={Keeney, R. L. },
  year={1992},
  publisher={Harvard University Press}
}

@article{Keeney2013,
  author = {Keeney, R. L.},
  journal = {Decision Analysis},
  number = {2}, 
  pages = {103-120},
  title = {{Foundations for group decision analysis}},
  volume = {10},
  year = {2013}
}

@phdthesis{Kenley1986,
  author = {Kenley, C. R.},
  number = {June},
  school = {Stanford University},
  title = {{Influence diagram models with continuous variables}},
  year = {1986}
}

@article{Kennedy2000,
  author = {Kennedy, M. C. and O'Hagan, A.},
  journal = {Biometrika},
  number = {1},
  pages = {1-13},
  title = {{Predicting the output from a complex computer code when fast approximations are available}},
  volume = {87},
  year = {2000}
}

@article{Kennedy2001,
  author = {Kennedy, M. C. and O'Hagan, A.},
  journal = {Journal of the Royal Statistical Society: Series B},
  number = {3},
  pages = {425-464},
  title = {{Bayesian calibration of computer models}},
  volume = {63},
  year = {2001}
}

@article{Kennedy2006,
  author = {Kennedy, M. C. and Anderson, C. W. and Conti, S. and O'Hagan, A.},
  journal = {Reliability Engineering \& System Safety},
  number = {10-11},
  pages = {1301-1309},
  title = {{Case studies in Gaussian process modelling of computer codes}},
  volume = {91},
  year = {2006}
}

@unpublished{Kettler2008,
  author = {Kettler, P. C.},
  title = {{Utility copulas}},
  year = {2008}
}

@article{Kim2002,
  author = {Kim, J. K. and Lee, K. C. and Lee, J. K.},
  journal = {Expert Systems with Applications},
  number = {3},
  pages = {237-244},
  title = {{Hybrid of neural network and decision knowledge approach to generating influence diagrams}},
  volume = {23},
  year = {2002}
}

@book{Klir1995,
  title={Fuzzy sets and fuzzy logic},
  author={Klir, G. and Yuan, B.},
  year={1995},
  publisher={Prentice Hall}
}

@book{Klyatskin2005,
  author = {Klyatskin, V. I.},
  publisher = {Elsevier},
  title = {{Dynamics of Stochastic Systems}},
  year = {2005}
}

@article{Koblinger1997,
  author = {Koblinger, L. and Nemeth, I. and Szabo, P. P. and Kerekes, A. and Fulop, N.},
  journal = {Radiation Protection Dosimetry},
  number = {1-4},
  pages = {99-101},
  title = {{Interactive simulation of environmental consequences of nuclear accidents}},
  volume = {73},
  year = {1997}
}

@book{Koch2007,
  author = {Koch, K. R.},
  publisher = {Springer},
  title = {{Introduction to Bayesian Statistics}},
  year = {2007}
}

@inproceedings{Koller97,
  author = {Koller, D. and Pfeffer, A.},
  booktitle = {Proceedings of the 13th Conference on Uncertainty in Artificial Intelligence},
  pages = {302-313},
  title = {{Object-oriented Bayesian networks}},
  year = {1997}
}

@incollection{Koller2001,
  author = {Koller, D. and  Lerner, U.},
  title = {Sampling in Factored Dynamic Systems},
  booktitle = {Sequential Monte Carlo Methods in Practice}, 
  publisher = {Springer-Verlag},
  year = {2001},
  pages = {445--464}
}

@article{Koller2003,
  author = {Koller, D. and Milch, B.},
  journal = {Games and Economic Behavior},
  number = {1},
  pages = {18-221},
  title = {{Multiagent influence diagrams for representing and solving games}},
  volume = {45},
  year = {2003}
}

@book{Korb2003,
  author = {Korb, K. B. and Nicholson, A. E.},
  publisher = {CRC Press},
  title = {{Bayesian artificial intelligence}},
  year = {2003}
}

@book{Koski2009,
  author = {Koski, T. and Noble, J. M.},
  publisher = {Wiley},
  title = {{Bayesian networks: an introduction}},
  year = {2009}
}

@article{Krishnamurti2000,
  title={Multimodel ensemble forecasts for weather and seasonal climate},
  author={Krishnamurti, T. N. and Kishtawal, C. M. and Zhang, Z. and LaRow, T. and Bachiochi, D. and Williford, E. and Gadgil, S. and Surendran, S.},
  journal={Journal of Climate},
  volume={13},
  number={23},
  pages={4196--4216},
  year={2000}
}

@article{Kunene2008,
  author = {Kunene, N. K. and Weistroffer, R. H.},
  journal = {European Journal of Operational Research},
  number = {3},
  pages = {984-997},
  title = {{An approach for predicting and describing patient outcome using multicriteria decision analysis and decision rules}},
  volume = {185},
  year = {2008}
}

%%%%%%%%%%%%%%%%%%%%%%%%%%
%%%%%%%           L             %%%%%%%%%%%
%%%%%%%%%%%%%%%%%%%%%%%%%%

@article{Lahdelma2001,
  author = {Lahdelma, R. and Salminen, P.},
  journal = {Operations Research},
  number = {3},
  pages = {444-454},
  volume = {49},
  year = {2001}
}

@inproceedings{Mura99,
  author = {{La Mura}, P. and Shoham, Y.},
  booktitle = {Proceedings of the 15th Conference on Uncertainty in Artificial Intelligence},
  title = {{Expected utility networks}},
  year = {1999},
  pages={366-373}
}

@article{Lacave2004,
  author = {Lacave, C. and Diez, F. J.},
  journal = {The Knowledge Engineering Review},
  number = {2},
  pages = {133-146},
  title = {{A review of explanation methods for heuristic expert systems}},
  volume = {19},
  year = {2004}
}

@inproceedings{LaMura2000,
  author = {{La Mura}, P.},
  booktitle = {Proceedings of the 16th Conference on Uncertainty in Artificial Intelligence},
  pages = {335-342},
  title = {{Game networks}},
  year = {2000}
}

@article{Langseth2001,
  author = {Langseth, H. and Bangs\o, O.},
  journal = {Annals of Mathematical Statistics},
  pages = {221-243},
  title = {{Parameter learning in object-oriented Bayesian networks}},
  volume = {32},
  year = {2001}
}

@article{Laskey1987,
  author = {Laskey, K. B. and Fischer, G. W.},
  journal = {Management science},
  number = {8},
  pages = {965-980},
  title = {{Estimating Utility Functions in the Presence of Response Error}},
  volume = {33},
  year = {1987}
}

@inproceedings{Laskey1997,
  author = {Laskey, K. B. and Mahoney, S. M.},
  booktitle = {Proceedings of the 13th Conference on Uncertainty in Artificial Intelligence},
  pages = {334-341},
  title = {{Network fragments: representing knowledge for constructing probabilistic models}},
  year = {1997}
}

@article{Laskey2000,
  author = {Laskey, K. B. and Mahoney, S. M.},
  journal = {IEEE Transactions on Knowledge and Data Engineering},
  number = {4},
  pages = {487-498},
  title = {{Network engineering for agile belief network models}},
  volume = {12},
  year = {2000}
}

@article{Laskey2008,
  author = {Laskey, K. B.},
  journal = {Artificial Intelligence},
  number = {2},
  pages = {140-178},
  title = {{MEBN: a language for first-order Bayesian knowledge bases}},
  volume = {172},
  year = {2008}
}

@incollection{Laskey2009,
  author = {Laskey, K. B. and da Costa, P. C. G.},
  booktitle = {Complex Systems in Knowledge-based Environments: Theory, Models and Applications},
  pages = {7-39},
  title = {{Uncertainty representation and reasoning in complex systems}},
  year = {2009}
}

@article{Laskey2010,
  author = {Laskey, K. B. and Wright, E. J. and da Costa, P. C. G.},
  journal = {International Journal of Approximate Reasoning},
  number = {2},
  pages = {209-223},
  title = {{Envisioning uncertainty in geospatial information}},
  volume = {51},
  year = {2010}
}

@article{Lauritzen1992,
  author = {Lauritzen, S. L.},
  journal = {Journal of the American Statistical Association},
  number = {420},
  pages = {1098-1108},
  title = {{Propagation of probabilities, means and variances in mixed graphical association models}},
  volume = {87},
  year = {1992}
}

@book{Lauritzen1996a,
  author = {Lauritzen, S. L.},
  publisher = {Oxford University Press},
  title = {{Graphical Models}},
  year = {1996}
}

@article{Lauritzen2001,
  title={Causal inference from graphical models},
  author={Lauritzen, S. L.},
  journal={Complex stochastic systems},
  pages={63--107},
  year={2001},
  publisher={Chapman and Hall, London}
}

@article{Lauritzen2001a,
  author = {Lauritzen, S. L. and Nilsson, D.},
  journal = {Management Science},
  number = {9},
  pages = {1235-1251},
  title = {{Representing and solving decision problems with limited information}},
  volume = {47},
  year = {2001}
}

@article{Lauritzen2002,
  author = {Lauritzen, S. L. and Richardson, T. S.},
  journal = {Journal of the Royal Statistical Society: Series B},
  number = {3},
  pages = {321-348},
  title = {{Chain graph models and their causal interpretations}},
  volume = {64},
  year = {2002}
}

@misc{Lauritzen2002a,
  author = {Lauritzen, S. L.},
  number = {October},
  title = {{Lectures on Contingency Tables}},
  year = {2002}
}

@misc{Lee2003,
  author = {Lee, P. M.},
  publisher = {Arnold},
  title = {{Bayesian statistics: an introduction}},
  year = {2003}
}

@inproceedings{Leonelli2013a,
  author = {Leonelli, M. and Smith, J. Q.},
  booktitle = {Risk Management for Complex Socio-Technical Systems},
  title = {{Dynamic uncertainty handling for coherent decision making in nuclear emergency response}},
  year = {2013},
  note={To appear}
}

@inproceedings{Leonelli2013,
  author = {Leonelli, M. and Smith, J. Q.},
  booktitle = {29th International Conference on Data Engineering Workshops (ICDEW)},
  pages = {181-192},
  title = {{Using graphical models and multi-attribute utility theory for probabilistic uncertainty handling in large systems, with application to the nuclear emergency management}},
  year = {2013}
}

@misc{Leonelli2015a,
  title={Using computer algebra to symbolically evaluate discrete influence diagrams},
  author={Leonelli, M. and  Riccomagno, E. and Smith, J. Q.},
  year={2015},
  note={Submitted}
}

@misc{Leonelli2015,
  title={Bayesian Decision Support for Complex Systems with Many Distributed Experts},
  author={Leonelli, M. and Smith, J. Q.},
  year={2015},
  note={Invited revision to the Annals of Operations Research}
}

@misc{Leonelli2015b,
  author={Leonelli, M. and  Riccomagno, E. and Smith, J. Q.},
  title={The algebra of integrated partial belief systems},
  year={2015},
  note={In preparation},
}

@inproceedings{Li2012,
  author = {Li, Y. and Shenoy, P. P.},
  booktitle = {Proceedings of the 26th Conference on Uncertainty in Artificial Intelligence},
  pages = {322-331},
  title = {{Solving hybrid influence diagrams with deterministic variables}},
  year = {2012}
}

@article{LiCalzi2006,
  author = {{Li Calzi}, M. and Sorato, A.},
  journal = {European Journal of Operational Research},
  number = {2},
  pages = {560--573},
  title = {{The Pearson system of utility functions}},
  volume = {172},
  year = {2006}
}

@article{Liao2008,
  author = {Liao, W. and Ji, Q.},
  journal = {International Journal of Approximate Reasoning},
  number = {2},
  pages = {436-450},
  title = {{Efficient non-myopic value-of-information computation for influence diagrams}},
  volume = {49},
  year = {2008}
}

@book{Liese2008,
  author = {Liese, F. and Miescke, K.},
  publisher = {Springer},
  title = {{Statistical Decision Theory: Estimation, Testing and Selection}},
  year = {2008}
}

@article{Lindley1976,
  author = {Lindley, D. V.},
  journal = {The Annals of Statistics},
  number = {1},
  pages = {1-10},
  title = {{A class of utility functions}},
  volume = {4},
  year = {1976}
}

@article{Lindley1979,
  author = {Lindley, D. V. and Tversky, A. and Brown, R. V.},
  journal = {Journal of the Royal Statistical Society. Series A},
  number = {2},
  pages = {146-180},
  title = {{On the reconciliation of probability assessments}},
  volume = {142},
  year = {1979}
}

@incollection{Lindley1985,
author = {Lindley, D. V.},
title = {Reconciliation of discrete probability distributions},
year = {1985},
booktitle = {Bayesian Statistics 2},
pages = {375-390}
}

@article{Lindsten2014,
  title={Divide-and-Conquer with Sequential Monte Carlo},
  author={Lindsten, F. and Johansen, A. M. and Naesseth, C. A. and Kirkpatrick, B. and Sch{\"o}n, T. B. and Aston, J. and Bouchard-C{\^o}t{\'e}, A.},
  journal={arXiv:1406.4993},
  year={2014}
}

@book{Linstone1975,
  title={The {D}elphi method: techniques and applications},
  author={Linstone, H. A. and Turoff, M. },
  year={1975},
  publisher={Addison-Wesley Reading}
}

@article{Liu2009,
  author = {Liu, F. and West, M.},
  journal = {Bayesian Analysis},
  number = {2},
  pages = {393-411},
  title = {{A dynamic modelling strategy for Bayesian computer model emulation}},
  volume = {4},
  year = {2009}
}

@article{Liu2009a,
  author = {Liu, F. and Bayarri, M. J. and Berger, J. O.},
  journal = {Bayesian Analysis},
  number = {1},
  pages = {119-150},
  title = {{Modularization in Bayesian analysis, with emphasis on analysis of computer models}},
  volume = {4},
  year = {2009}
}

@article{Liu2004,
  author = {Liu, L. and Shenoy, P. P.},
  journal = {Decision Support Systems},
  number = {1},
  pages = {119-135},
  title = {{Representing asymmetric decision problems using coarse valuations}},
  volume = {37},
  year = {2004}
}

@article{Luce71,
  author = {Luce, R. D. and Krantz, D. H.},
  journal = {Econometrica: Journal of the Econometric Society},
  number = {2},
  pages = {253-271},
  title = {{Conditional expected utility}},
  volume = {39},
  year = {1971}
}

@article{Luque2010,
  author = {Luque, M. and D\'{\i}ez, F. J.},
  journal = {International Journal of Approximate Reasoning},
  number = {6},
  pages = {615-631},
  publisher = {Elsevier Inc.},
  title = {{Variable elimination for influence diagrams with super value nodes}},
  volume = {51},
  year = {2010}
}

&&&&&&&&&&&&&&&&&&&&&&&&&&&&&&&&&&&&&&&&&&&&&&&&&&&&&
&&&&&&&&&&&&&&          M         &&&&&&&&&&&&&&&&&&&&&&&&&&&&&
&&&&&&&&&&&&&&&&&&&&&&&&&&&&&&&&&&&&&&&&&&&&&&&&&&&&&

@techreport{Madansky64,
  author = {Madansky, A.},
  institution = {The RAND Corporation},
  title = {{Externally Bayesian groups}},
  year = {1964}
}

@inproceedings{Madsen1999,
  author = {Madsen, A. L. and Jensen, F. V.},
  booktitle = {Proceedings of the 15th Conference of Uncertainty in Artificial Intelligence},
  pages = {382-390},
  title = {{Lazy evaluation of symmetric Bayesian decision problems}},
  year = {1999}
} 

@inproceedings{Madsen2001,
  author = {Madsen, A. L. and Nilsson, D.},
  booktitle = {Proceedings of the 17th Conference on Uncertainty in artificial intelligence},
  number = {1999},
  pages = {337-345},
  title = {{Solving influence diagrams using HUGIN, Shafer-Shenoy and lazy propagation}},
  year = {2001}
}

@article{Madsen2005,
  author = {Madsen, A. L. and Jensen, F. V.},
  journal = {International Journal of Approximate Reasoning},
  number = {3},
  pages = {263-282},
  title = {{Solving linear-quadratic conditional Gaussian influence diagrams}},
  volume = {38},
  year = {2005}
}

@inproceedings{Madsen2008,
  author = {Madsen, A. L.},
  booktitle = {Proceedings of the fourth European workshop on Probabilistic Graphical models},
  pages = {193--200},
  title = {{New methods for marginalization in lazy propagation}}
  year = {2008}
}

@article{Maes2007,
  author = {Maes, S. and Meganck, S. and Manderick, B.},
  journal = {International Journal of Approximate Reasoning},
  number = {2},
  pages = {274-299},
  title = {{Inference in multiagent causal models}},
  volume = {46},
  year = {2007}
}

@inproceedings{Mahoney1996,
  author = {Mahoney, S. M. and Laskey, K. B.},
  booktitle = {Proceedings of the 12th  Conference on Uncertainty in Artificial Intelligence},
  pages = {389-396},
  title = {{Network engineering for complex belief networks}},
  year = {1996}
}

@book{Marakas2003,
  author = {Marakas, G. M.},
  publisher = {Prentice Hall},
  title = {{Decision support systems in the 21st century}},
  year = {2003}
}

@article{March2007,
  author = {March, S. T. and Hevner, A. R.},
  journal = {Decision Support Systems},
  number = {3},
  pages = {1031-1043},
  title = {{Integrated decision support systems: a data warehousing perspective}},
  volume = {43},
  year = {2007}
}

@article{Massa2010,
  author = {Massa, M. S. and Lauritzen, S. L.},
  journal = {Contemporary Mathematics}, 
  pages = {239-259},
  title = {{Combining statistical models}},
  volume = {516},
  year = {2010}
}

@incollection{Matus2005,
  author = {Mat\'{u}\v{s}, F.},
  booktitle = {Conditionals, Information, and Inference},
  pages = {152-161},
  publisher = {Springer},
  title = {{Conditional independences in Gaussian vectors and rings of polynomials}},
  year = {2005}
}

@book{McCullagh1987,
  title={Tensor methods in statistics},
  author={McCullagh, P.},
  year={1987},
  publisher={Chapman and Hall}
}

@article{McKinley2014,
  title={Simulation-based {B}ayesian inference for epidemic models},
  author={McKinley, T. J and Ross, J. V. and Deardon, R. and Cook, A. R.},
  journal={Computational Statistics \& Data Analysis},
  volume={71},
  pages={434--447},
  year={2014},
  publisher={Elsevier}
}

@article{Mengersen2011,
  author = {Mengersen, K. and Whittle, P.},
  journal = {Journal of Consumer Protection and Food Safety},
  number = {S1},
  pages = {15-19},
  title = {{Improving accuracy and intelligibility of decisions}},
  volume = {6},
  year = {2011}
}

@article{Merrick2008,
  title={Getting the right mix of experts},
  author={Merrick, J. R. W.},
  journal={Decision Analysis},
  volume={5},
  number={1},
  pages={43--52},
  year={2008},
  publisher={INFORMS}
}

@techreport{Mikkelsen2003,
  title={{ENSEMBLE}: methods to reconcile disparate national long range dispersion forecasts},
  author={Mikkelsen, T. and Galmarini, S. and Bianconi, R. and French, S.},
  year={2003},
institution={RISO, Roskilde}
}

@unpublished{Modica96,
  author = {Modica, S. and Rustichini, A.},
  number = {February},
  title = {{Belief Dependent Utility}},
  year = {1996}
}

@article{Mond2003,
  author = {Mond, D. and Smith, J. Q. and van Straten, D.},
  journal = {Proceedings of the Royal Society A: Mathematical, Physical and Engineering Sciences},
  number = {2039},
  pages = {2821-2845},
  title = {{Stochastic factorizations, sandwiched simplices and the topology of the space of explanations}},
  volume = {459},
  year = {2003}
}

@article{Monte2009,
  author = {Monte, L. and Brittain, J. E. and Gallego, E. and H{\aa}kanson, L. and Hofman, D. and Jim\'{e}nez, A.},
  journal = {Computers \& Geosciences},
  number = {5},
  pages = {880-896},
  title = {{MOIRA-PLUS: a decision support system for the management of complex fresh water ecosystems contaminated by radionuclides and heavy metals}},
  volume = {35},
  year = {2009}
}

@article{Monte2011,
  journal = {Journal of environmental radioactivity},
  number = {12},
  pages = {1112-1116},
  publisher = {Elsevier Ltd},
  title = {{Customisation of the decision support system MOIRA-PLUS for applications to the marine environment.}},
  volume = {102},
  year = {2011}
}

@book{Montgomery2001,
  author = {Montgomery, D. C.},
  publisher = {John Wiley \& Sons},
  title = {{Design and analysis of experiments}},
  year = {2001}
}

@article{Montibeller2006,
  author = {Montibeller, G. and Gummer, H. and Tumidei, D.},
  journal = {Journal of Multi-Criteria Decision Analysis},
  pages = {5-20},
  title = {{Combining Scenario Planning and Multi-Criteria Decision Analysis in Practice}},
  volume = {14},
  year = {2006}
}

@inproceedings{Moral2001,
  author = {Moral, S. and Rum\'{\i}, R. and Salmer\'{o}n, A.},
  booktitle = {Sixth European conference on symbolic and quantitative approaches to reasoning with uncertainty},
  pages = {156-167},
  title = {{Mixtures of truncated exponentials in hybrid Bayesian networks}},
  year = {2001}
}

@article{Mortera2013,
  author = {Mortera, J. and Vicard, P. and Vergara, C.},
  journal = {The Annals of Applied Statistics},
  number = {2},
  pages = {714-738},
  title = {{Object-oriented {B}ayesian networks for a decision support system for antitrust}},
  volume = {7},
  year = {2013}
}

@article{Muller1987,
  title={Moment preferences and polynomial utility},
  author={M{\"u}ller, S. M. and Machina, M. J.},
  journal={Economics Letters},
  volume={23},
  number={4},
  pages={349--353},
  year={1987},
  publisher={Elsevier}
}

@article{Muller2001,
  author = {M\"{u}ller, H. G. and Yan, X.},
  journal = {Journal of multivariate analysis},
  pages = {90-109},
  title = {{On local moments}},
  volume = {109},
  year = {2001}
}

@article{Mumpower1996,
  title={Expert judgement and expert disagreement},
  author={Mumpower, J. L. and Stewart, T. R.},
  journal={Thinking \& Reasoning},
  volume={2},
  number={2-3},
  pages={191--212},
  year={1996},
  publisher={Taylor \& Francis}
}

@inproceedings{Murphy1999,
  title={Loopy belief propagation for approximate inference: an empirical study},
  author={Murphy, K. P. and Weiss, Y. and Jordan, M. I.},
  booktitle={Proceedings of the 15th Conference on Uncertainty in Artificial Intelligence},
  pages={467--475},
  year={1999}
}

@phdthesis{Murphy2002,
  author = {Murphy, K. P.},
  school = {University of California, Berkeley},
  title = {{Dynamic {B}ayesian networks: representation, inference and learning}},
  year = {2002}
}

@article{Murphy2003,
  author = {Murphy, S. A.},
  journal = {Journal of the Royal Statistical Society: Series B },
  number = {2},
  pages = {331-355},
  title = {{Optimal dynamic treatment regimes}},
  volume = {65},
  year = {2003}
}

@article{Mustajoki2007,
  author = {Mustajoki, J. and H\"{a}m\"{a}l\"{a}inen, R. P. and Sinkko, K.},
  journal = {Decision Support Systems},
  number = {4},
  pages = {2247-2260},
  title = {{Interactive computer support in decision conferencing: two cases on off-site nuclear emergency management}},
  volume = {42},
  year = {2007}
}

@article{MuzafferMusal2012,
  author = {{Muzaffer Musal}, R. and Soyer, R. and McCabe, C. and Kharroubi, S. A.},
  journal = {European Journal of Operational Research},
  number = {2},
  pages = {538-547},
  publisher = {Elsevier B.V.},
  title = {{Estimating the population utility function: a parametric Bayesian approach}},
  volume = {218},
  year = {2012}
}

&&&&&&&&&&&&&&&&&&&&&&&&&&&&&&&&&&&&&&&&&&&&&&&&&&&&&&&&
&&&&&&&&&&&&&&&                N               &&&&&&&&&&&&&&&&&&&&&&&&&&
&&&&&&&&&&&&&&&&&&&&&&&&&&&&&&&&&&&&&&&&&&&&&&&&&&&&&&&&

@book{Neapolitan2004,
  title={Learning {B}ayesian networks},
  author={Neapolitan, R. E.},
  year={2004},
  publisher={Prentice Hall}
}

@article{Neil2000,
  title={Building large-scale {B}ayesian networks},
  author={Neil, M. and Fenton, N. and Nielson, L.},
  journal={The Knowledge Engineering Review},
  volume={15},
  number={03},
  pages={257--284},
  year={2000},
  publisher={Cambridge Univ Press}
}

@article{Nicholson2011,
  author = {Nicholson, A. E. and Flores, M. J.},
  journal = {Ecological Modelling},
  number = {3},
  pages = {555-566},
  publisher = {Elsevier B.V.},
  title = {{Combining state and transition models with dynamic {B}ayesian networks}},
  volume = {222},
  year = {2011}
}

@incollection{Niedermayer2008,
  title={An introduction to {B}ayesian networks and their contemporary applications},
  author={Niedermayer, D.},
  booktitle={Innovations in Bayesian Networks},
  pages={117--130},
  year={2008},
  publisher={Springer}
}

@inproceedings{Nielsen1999,
  author = {Nielsen, T. D. and Jensen, F. V.},
  booktitle = {Proceedings of the 15th Conference on Uncertainty in Artificial Intelligence},
  pages = {502-511},
  title = {{Well defined decision scenarios}},
  year = {1999}
}

@inproceedings{Nielsen2000,
  author = {Nielsen, T. D. and Jensen, F. V.},
  booktitle = {Proceedings of the 16th Conference on Uncertainty in Artificial Intelligence},
  pages = {416-425},
  title = {{Representing and solving asymmetric Bayesian decision problems}},
  year = {2000}
}

@incollection{Nielsen2001,
  author = {Nielsen, T. D.},
  booktitle = {Symbolic and Quantitative Approaches to Reasoning with Uncertainty},
  pages = {144-155},
  title = {{Decomposition of influence diagrams}},
  year = {2001}
}

@article{Nielsen2003,
  title={Representing and solving asymmetric decision problems},
  author={Nielsen, T. D. and Jensen, F. V.},
  journal={International Journal of Information Technology \& Decision Making},
  volume={2},
  number={02},
  pages={217--263},
  year={2003},

}
@article{Nielsen2004,
  author = {Nielsen, T. D. and Jensen, F. V.},
  journal = {Artificial Intelligence},
  number = {1-2},
  pages = {53-78},
  title = {{Learning a decision maker's utility function from (possibly) inconsistent behavior}},
  volume = {160},
  year = {2004}
}

@inproceedings{Nilsson2000,
  author = {Nilsson, D. and Lauritzen, S. L.}, 
  booktitle = {Proceedings of the Sixteenth conference on Uncertainty in Artificial Intelligence},
  pages = {436-445},
  title = {{Evaluating influence diagrams using LIMIDs}},
  year = {2000}
}

@inproceedings{Nilsson2001,
  author = {Nilsson, D.},
  booktitle = {Proceedings of the 3rd International Symposium on Adaptive Systems},
  pages = {116-121},
  title = {{The computation of moments of decomposable functions in probabilistic expert systems}},
  year = {2001}
}

&&&&&&&&&&&&&&&&&&&&&&&&&&&&&&&&&&&&&&&&&&&&&&&&&&&&&&&&&&&
&&&&&&&&&&&&&&&           O           &&&&&&&&&&&&&&&&&&&&&&&&&&&&&&&&&
&&&&&&&&&&&&&&&&&&&&&&&&&&&&&&&&&&&&&&&&&&&&&&&&&&&&&&&&&&&

@phdthesis{Oates2013,
  author = {Oates, C. J},
  school = {The University of Warwick},
  title = {{Bayesian inference for protein signalling networks}},
  year = {2013}
}

@book{O'Hagan2004a,
  author = {O'Hagan, A. and Forster, J.},
  publisher = {Arnold},
  title = {{Bayesian inference}},
  year = {2004}
}

@book{O'Hagan2006a,
  author = {O'Hagan, A. and Buck, C.E. and Daneshkhah, A. and Eiser, J. R. and Garthwaite, P. H. and Jenkinson, D. J. and Oakley, J. E. and Rakow, T.},
  publisher = {John Wiley \& Sons},
  title = {{Uncertain judgements: eliciting experts' probabilities}},
  year = {2006}
}

@article{OHagan2006,
  author = {O'Hagan, A.},
  journal = {Reliability Engineering \& System Safety},
  number = {10-11},
  pages = {1290-1300},
  title = {{Bayesian analysis of computer code outputs: a tutorial}},
  volume = {91},
  year = {2006}
}

@book{Oliver1990,
  title={Influence diagrams, belief nets, and decision analysis},
  author={Oliver, R. M. and Smith, J. Q.},
  year={1990},
  publisher={John Wiley \& Sons}
}

@phdthesis{Olmsted1983,
  title={On representing and solving decision problems},
  author={Olmsted, S. M.},
  year={1984},
  school={Stanford University}
}

&&&&&&&&&&&&&&&&&&&&&&&&&&&&&&&&&&&&&&&&&&&&&&&&&&&&&&&&&&&
&&&&&&&&&&&&&&&&&&           P            &&&&&&&&&&&&&&&&&&&&&&&&&&&&&&
&&&&&&&&&&&&&&&&&&&&&&&&&&&&&&&&&&&&&&&&&&&&&&&&&&&&&&&&&&&

@book{Pachter2005,
  author = {Pachter, L. and Sturmfels, B.},
  publisher = {Cambridge University Press},
  title = {{Algebraic statistics for computational biology}},
  year = {2005}
}

@article{Papamichail2003,
  author = {Papamichail, K. N. and French, S.},
  journal = {Expert Systems with Applications},
  number = {1},
  pages = {35-48},
  title = {{Explaining and justifying the advice of a decision support system: a natural language generation approach}},
  volume = {24},
  year = {2003}
}

@article{Papamichail2005,
  author = {Papamichail, K. N. and French, S.},
  journal = {Decision Support Systems},
  number = {1},
  pages = {84-111},
  title = {{Design and evaluation of an intelligent decision support system for nuclear emergencies}},
  volume = {41},
  year = {2005}
}

@article{Papamichail2013,
  author = {Papamichail, K. N. and French, S.},
  journal = {IMA Journal of Management Mathematics},
  number = {4},
  pages = {481-503},
  title = {{25 Years of MCDA in nuclear emergency management}},
  volume = {24},
  year = {2013}
}

@phdthesis{parrilo2000,
  title={Structured semidefinite programs and semialgebraic geometry methods in robustness and optimization},
  author={Parrilo, P. A.},
  year={2000},
  school={California Institute of Technology}
}

@article{Paula2008,
  author = {Paula, \'{A} De},
  journal = {The American Statistician},
  keywords = {independence,indeterminate distributions,moments},
  number = {3},
  pages = {219-221},
  title = {{Conditional moments and independence}},
  volume = {62},
  year = {2008}
}

@book{Pearl1988a,
  author = {Pearl, J.},
  publisher = {Morgan Kaufmann},
  title = {{Probabilistic reasoning in intelligent systems: networks of plausible inference}},
  year = {1988}
}

@book{Pearl2000,
  author = {Pearl, J.},
  publisher = {Cambridge University Press},
  title = {{Causality: models, reasoning and inference}},
  year = {2000}
}

@article{Pennock2005,
  author = {Pennock, D. M. and Wellman, M. P.},
  journal = {Decision Analysis},
  number = {3},
  pages = {148-164},
  title = {{Graphical models for groups: belief aggregation and risk sharing}},
  volume = {2},
  year = {2005}
}

@article{Peteiro2013,
  title={A survey of methods for distributed machine learning},
  author={Peteiro-Barral, D. and Guijarro-Berdi{\~n}as, B.},
  journal={Progress in Artificial Intelligence},
  volume={2},
  number={1},
  pages={1--11},
  year={2013},
  publisher={Springer}
}

@article{Petris2010,
  author = {Petris, G.},
  journal = {Journal of Statistical Software},
  number = {12},
  pages = {1-16},
  title = {{An R package for dynamic linear models}},
  volume = {36},
  year = {2010}
}

@article{Petris2011,
  author = {Petris, G. and Petrone, S.},
  journal = {Journal of Statistical Software},
  number = {4},
  title = {{State space models in R}},
  volume = {41},
  year = {2011}
}

@article{Phillips1984,
  title={A theory of requisite decision models},
  author={Phillips, L. D.},
  journal={Acta Psychologica},
  volume={56},
  number={1},
  pages={29-48},
  year={1984},
  publisher={Elsevier}
}

@article{Phillips1993,
  title={Facilitated work groups: theory and practice},
  author={Phillips, L. D. and Phillips, M. C.},
  journal={Journal of the Operational Research Society},
  pages={533--549},
  volume={44},
  year={1993},
  publisher={JSTOR}
}

@unpublished{Phillips2006,
  author = {Phillips, L. D.},
  title = {{Decision Conferencing}},
  year = {2006}
}

@article{Phillips-Wren2004,
  author = {Phillips-Wren, G. E. and Hahn, E. D. and Forgionne, G.},
  journal = {Omega},
  number = {4},
  pages = {323-332},
  title = {{A multiple-criteria framework for evaluation of decision support systems}},
  volume = {32},
  year = {2004}
}

@article{Pistone1996,
  title={Generalised confounding with {G}r\"{o}bner bases},
  author={Pistone, G. and Wynn, H. P.},
  journal={Biometrika},
  volume={83},
  number={3},
  pages={653--666},
  year={1996},
  publisher={Biometrika Trust}
}

@article{Pistone2001,
  author = {Pistone, G. and Riccomagno, E. and Wynn, H. P.},
  journal = {Statistics and Computing}, 
  pages = {37-46},
  title = {{Gr\"{o}bner bases and factorisation in discrete probability and Bayes}},
  volume = {11},
  year = {2001}
}

@book{Pistone2002,
  author = {Pistone, G. and Riccomagno, E. and Wynn, H. P.},
  publisher = {CRC Press},
  title = {{Algebraic statistics: computational commutative algebra in statistics}},
  year = {2002}
}

@article{Pistone2006,
  author = {Pistone, G. and Wynn, H. P.},
  journal = {Journal of Symbolic Computation},
  number = {2},
  pages = {210-221},
  title = {{Cumulant varieties}},
  volume = {41},
  year = {2006}
}

@article{Pitchforth2013,
  author = {Pitchforth, J. and Mengersen, K.},
  journal = {Expert Systems with Applications},
  number = {1},
  pages = {162-167},
  publisher = {Elsevier Ltd},
  title = {{A proposed validation framework for expert elicited Bayesian Networks}},
  volume = {40},
  year = {2013}
}

@inproceedings{Poland1993,
  author = {Poland, W. B. and Shachter, R. D.},
  booktitle = {Proceedings of the 9th Conference on Uncertainty in Artificial Intelligence},
  pages = {183-190},
  title = {{Mixtures of Gaussians and minimum relative entropy techniques for modeling continuous uncertainties}},
  year = {1993}
}

@article{Poole1997,
  author = {Poole, D.},
  journal = {Artificial Intelligence},
  number = {1-2},
  pages = {7-56},
  title = {{The independent choice logic for modelling multiple agents under uncertainty}},
  volume = {94},
  year = {1997}
}

@book{Poston2014,
  title={Catastrophe theory and its applications},
  author={Poston, T. and Stewart, I.},
  year={2014},
  publisher={Courier Corporation}
}

@incollection{Power2008,
  author = {Power, D. J.},
  booktitle = {Handbook on Decision Support Systems 1},
  pages = {121-140},
  publisher = {Springer},
  title = {{Decision support systems: a historical overview}},
  year = {2008}
}

@misc{Puterman2005,
  author = {Puterman, M. L.},
  publisher = {Wiley},
  title = {{Markov decision processes discrete stochastic dynamic programming}},
  year = {2005}
}

&&&&&&&&&&&&&&&&&&&&&&&&&&&&&&&&&&&&&&&&&&&&&&&&&&&
&&&&&&&&&&&&&&&         Q          &&&&&&&&&&&&&&&&&&&&&&&&&&
&&&&&&&&&&&&&&&&&&&&&&&&&&&&&&&&&&&&&&&&&&&&&&&&&&&

@inproceedings{Qi1994,
  author = {Qi, R. and Zhang, N. L. and Poole, D.},
  booktitle = {Proceedings of the 10th Conference on Uncertainty in Artificial Intelligence},
  pages = {491-497},
  title = {{Solving asymmetric decision problems with influence diagrams}},
  year = {1994}
}

@incollection{Queen1992,
  title={Dynamic graphical models},
  author={Queen, C. M. and Smith, J. Q.},
  booktitle={Bayesian Statistics 4},
  pages={741--751},
  year={1992}
}

@article{Queen1993,
  author = {Queen, C. M. and Smith, J. Q.},
  journal = {Journal of the Royal Statistical Society. Series B},
  number = {4},
  pages = {849-870},
  title = {{Multiregression dynamic models}},
  volume = {55},
  year = {1993}
}

@article{Queen1994,
  author = {Queen, C. M.},
  journal = {The Statistician},
  number = {1},
  pages = {87-98},
  title = {{Using the multiregression dynamic model to forecast brand sales in a competitive product market}},
  volume = {43},
  year = {1994}
}

@article{Queen2008,
  author = {Queen, C. M. and Wright, B. J. and Albers, C. J.},
  journal = {Journal of Forecasting},
  number = {2},
  pages = {175-191},
  title = {{Forecast covariances in the linear multiregression dynamic model}},
  volume = {27},
  year = {2008}
}

@article{Queen2009,
  author = {Queen, C. M. and Albers, C. J.},
  journal = {Journal of the American Statistical Association},
  number = {486},
  pages = {669-681},
  title = {{Intervention and causality: forecasting traffic flows using a dynamic Bayesian network}},
  volume = {104},
  year = {2009}
}

&&&&&&&&&&&&&&&&&&&&&&&&&&&&&&&&&&&&&&&&&&&&&&&&&&&&
&&&&&&&&&&&&               R              &&&&&&&&&&&&&&&&&&&&&&&&&&
&&&&&&&&&&&&&&&&&&&&&&&&&&&&&&&&&&&&&&&&&&&&&&&&&&&&

@article{Ramoni2001,
  author = {Ramoni, M. and Sebastiani, P.},
  journal = {Machine Learning},
  pages = {147-170},
  title = {{Robust learning with missing data}},
  volume = {45},
  year = {2001}
} 

@inproceedings{Raskob2009,
  author = {Raskob, W. and Gering, F. and Bertsch, V.},
  booktitle = {Proceedings of the 6th International ISCRAM Conference},
  title = {{Approaches to visualisation of uncertainties to decision makers in an operational decision support system}},
  year = {2009}
}

@article{Raskob2010,
  author = {Raskob, W.},
  journal = {Radioprotection},
  number = {5},
  pages = {S47-S54},
  title = {{Overview on the model development carried out in the EURANOS project}},
  volume = {45},
  year = {2010}
}

@inproceedings{Renooij1998,
  author = {Renooij, S. and {Van Der Gaag}, L. C.},
  booktitle = {FLAIRS Conference},
  number = {1990},
  title = {{Decision Making in Qualitative Influence Diagrams}},
  year = {1998}
}

@article{Renooij2001,
  title={Probability elicitation for belief networks: issues to consider},
  author={Renooij, S.},
  journal={The Knowledge Engineering Review},
  volume={16},
  number={03},
  pages={255--269},
  year={2001},
  publisher={Cambridge Univ Press}
}

@inproceedings{Renooij2010,
  author = {Renooij, S.},
  booktitle = {Proceedings of the Fifth European Workshop on Probabilistic Graphical Models},
  pages = {223-241},
  title = {{Bayesian network sensitivity to arc removal}},
  year = {2010}
}

@article{Renooij2014,
  author = {Renooij, S.},
  journal = {International Journal of Approximate Reasoning},
  number = {4},
  pages = {1022-1042},
  publisher = {Elsevier Inc.},
  title = {{Co-variation for sensitivity analysis in Bayesian networks: Properties, consequences and alternatives}},
  volume = {55},
  year = {2014}
}

@unpublished{Riccomagno2007,
  author = {Riccomagno, E. and Smith, J. Q.},
  number = {07},
  title = {{Algebraic causality: Bayes nets and beyond}},
  year = {2007}
}

@incollection{Riccomagno2009,
  author = {Riccomagno, E. and Smith, J. Q.},
  booktitle = {Optimal Design and Related Areas in Optimization and Statistics},
  number = {6},
  pages = {133-154},
  title = {{The geometry of causal probability trees that are algebraically constrained}},
  year = {2009}
}

@article{Riccomagno2009a,
  author = {Riccomagno, E.},
  journal = {Metrika},
  number = {2-3},
  pages = {397-418},
  title = {{A short history of algebraic statistics}},
  volume = {69},
  year = {2009}
}

@article{Richardson2002,
  title={Ancestral graph {M}arkov models},
  author={Richardson, T.  and Spirtes, P.},
  journal={Annals of Statistics},
  volume={30},
  number={4},
  pages={962--1030},
  year={2002},
  publisher={JSTOR}
}

@incollection{Robins1997,
  author = {Robins, J. M.}, 
  booktitle = {Latent variable modeling and applications to causality},
  pages = {69-117},
  publisher = {Springer},
  title = {{Causal inference from complex longitudinal data}},
  year = {1997}
}

@article{Robins2003,
  author = {Robins, J. M. and Scheines, R. and Spirtes, P. and Wasserman, L.},
  journal = {Biometrika},
  number = {3},
  pages = {491-515},
  title = {{Uniform consistency in causal inference}},
  volume = {90},
  year = {2003}
}

@article{Rodriguez2011,
  title={Efficient distributed genetic algorithm for rule extraction},
  author={Rodr{\'\i}guez, M. and Escalante, D. M. and Peregr{\'\i}n, A.},
  journal={Applied Soft Computing},
  volume={11},
  number={1},
  pages={733--743},
  year={2011},
  publisher={Elsevier}
}

@techreport{Rojas-Palma2005,
  author = {Rojas-Palma, C. and Ehrhardt, J. and Sohier, A.},
  institution = {SCK-CEN, DAONEM},
  title = {{Data assimilation and off-site nuclear emergency management}},
  year = {2005}
}

@book{Ross2007,
  author = {Ross, S. M.},
  publisher = {Elsevier},
  title = {{Introduction to Probability Models}},
  year = {2007}
}

@article{Rougier2008,
  author = {Rougier, J.},
  journal = {Journal of Computational and Graphical Statistics},
  number = {4},
  pages = {827--843},
  title = {{Efficient emulators for multivariate deterministic functions}},
  volume = {17},
  year = {2008}
}

@article{Rougier2015,
  author = {Rougier, J. and Crucifix, M.},
  title = {{Uncertainty in climate science and climate policy}},
  year = {2014},
  journal={ ar{X}iv:1411.6878}
}

@article{Roverato2002,
  author = {Roverato, A.},
  journal = {Scandinavian Journal of Statistics},
  number = {1993},
  pages = {391-411},
  title = {{Hyper inverse {W}ishart distribution for non decomposable graphs and its application to Bayesian inference for {G}aussian graphical models}},
  volume = {29},
  year = {2002}
}

@book{Rudin1991,
  author = {Rudin, W.},
  publisher = {McGraw-Hill},
  title = {{Principi di Analisi Matematica}},
  year = {1991}
}

&&&&&&&&&&&&&&&&&&&&&&&&&&&&&&&&&&&&&&&&&&&&&&&&&&&&&&
&&&&&&&&&&&&&&&&&&&&&&    S   &&&&&&&&&&&&&&&&&&&&&&&&&&&&
&&&&&&&&&&&&&&&&&&&&&&&&&&&&&&&&&&&&&&&&&&&&&&&&&&&&&&

@book{Santner2003,
  author = {Santner, T. J. and Williams, B. J. and Notz, W.},
  publisher = {Springer},
  title = {{The design and analysis of computer experiments}},
  year = {2003}
}

@incollection{Santos2009,
  author = {Santos, E. and Wilkinson, J. T. and Santos, E. E.}, 
  booktitle = {Proceedings of the Twenty-Second International FLAIRS Conference}, 
  pages = {559-564},
  title = {{Bayesian knowledge fusion}},
  year = {2009}
}

@book{Savage1972,
  author = {Savage, L. J.},
  publisher = {Courier Dover Publications},
  title = {{The foundations of statistics}},
  year = {1972}
}

@article{Schmidt98,
  author = {Schmidt, T. and Shenoy, P. P.},
  journal = {Artificial Intelligence},
  number = {1998},
  pages = {323-333},
  title = {{Some improvements to the Shenoy-Shafer and {HUGIN} architectures for computing marginals}},
  volume = {102},
  year = {1998}
}

@inproceedings{Settimi1999,
  author = {Settimi, R. and Smith, J. Q. and Gargoum, A. S.},
  booktitle = {Proceedings of the Fifteenth conference on Uncertainty in artificial intelligence},
  pages = {585-593},
  title = {{Approximate learning in complex dynamic Bayesian networks}},
  year = {1999}
}

@article{Settimi2000,
  author = {Settimi, R. and Smith, J. Q.},
  journal = {Annals of Statistics},
  number = {4},
  pages = {1179-1205},
  title = {{Geometry, moments and conditional independence trees with hidden variables}},
  volume = {28},
  year = {2000}
}

@book{Seymour2005,
  author = {Diestel, R.},
  publisher = {Springer-Verlag},
  title = {{Graph theory}},
  year = {2005}
}

@article{Shachter1986,
  author = {Shachter, R. D.},
  journal = {Operations Research}, 
  number = {6},
  pages = {871-882},
  title = {{Evaluating influence diagrams}},
  year = {1986}
}

@article{Shachter1988,
  author = {Shachter, R. D.},
  journal = {Operations Research},
  number = {4},
  pages = {589-604},
  title = {{Probabilistic inference and influence diagrams}},
  volume = {36},
  year = {1988}
}

@article{Shachter1989a,
  author = {Shachter, R. D. and Kenley, C. R.},
  journal = {Management Science},
  number = {5},
  pages = {527-550},
  title = {{Gaussian influence diagrams}},
  volume = {35},
  year = {1989}
}

@inproceedings{Shachter1993,
  author = {Shachter, R. D. and Ndilikilikesha, P.},
  booktitle = {Proceedings of the 15th conference of Uncertainty in Artificial Intelligence},
  number = {Cid},
  pages = {383-390},
  title = {{Using potential influence diagrams for probabilistic inference and decision making}},
  year = {1993}
}

@inproceedings{Shachter1999,
  author = {Shachter, R. D.}, 
  booktitle = {Proceedings of the 15th Conference on Uncertainty in artificial intelligence},
  pages = {594-601},
  title = {{Efficient value of information computation}},
  year = {1999}
}

@inproceedings{Shachter2010,
  author = {Shachter, R. D. and Bhattacharjya, D.},
  booktitle = {Proceedings of the 26th Conference on Uncertainty in Artificial Intelligence},
  pages = {509-516},
  title = {{Dynamic programming in influence diagrams with decision circuits}},
  year = {2010}
}

@book{Shafer1976,
  title={A mathematical theory of evidence},
  author={Shafer, G. R.},
  year={1976},
  publisher={Princeton University Press}
}

@article{Shafer1990,
  author = {Shafer, G. R. and Shenoy, P. P.},
  journal = {Annals of Mathematics and Artificial Intelligence}, 
  number = {1990},
  pages = {327-352},
  title = {{Probability propagation}},
  volume = {2},
  year = {1990}
}

@unpublished{Shafer1993,
  author = {Shafer, G. R. and Kogan, A. and Spirtes, P.},
  title = {{A Generalization of the Tetrad Representation Theorem}},
  year = {1993}
}

@book{Shafer1996,
  author = {Shafer, G. R.},
  publisher = {MIT Press},
  title = {{The art of causal conjecture}},
  year = {1996}
}

@book{Shao2003,
  author = {Shao, J.},
  publisher = {Springer},
  title = {{Mathematical statistics}},
  year = {2003}
}

@article{Shenoy1992,
  author = {Shenoy, P. P.},
  journal = {Operations research},
  number = {3},
  pages = {463-484},
  title = {{Valuation-based systems for Bayesian decision analysis}},
  volume = {40},
year = {1992}
}

@article{Shenoy2000,
  author = {Shenoy, P. P.},
  journal = {European Journal of Operational Research},
  number = {3},
  pages = {579-608},
  title = {{Valuation network representation and solution of asymmetric decision problems}},
  volume = {121},
  year = {2000}
}

@inproceedings{Shenoy2009,
  author = {Shenoy, P. P. and West, J. C.},
  booktitle = {Proceedings of the eighth workshop on uncertainty processing},
  pages = {202-212},
  title = {{Mixtures of polynomials in hybrid Bayesian networks with deterministic variables}},
  year = {2009}
}

@article{Shimura2012,
  author = {Shimura, H. and Itoh, K. and Sugiyama, A. and Ichijo, S. and Ichijo, M. and Furuya, F. and Nakamura, Y. and Kitahara, K. and Kobayashi, K. and Yukawa, Y. and Kobayashi, T.},
  journal = {PloS one},
  number = {9},
  pages={e44200}
  title = {{Absorption of radionuclides from the Fukushima nuclear accident by a novel algal strain.}},
  volume = {7},
  year = {2012}
}

@inproceedings{Shoham97,
  author = {Shoham, Y.},
  booktitle = {IJCAI},
  pages = {1324-1329},
  title = {{A symmetric view of utilities and probabilities}},
  year = {1997}
}

@inproceedings{Shoham1997,
  author = {Shoham, Y.},
  booktitle = {Proceedings of the Thirteenth conference on Uncertainty in artificial intelligence},
  title = {{Conditional utility, utility independence, and utility networks}},
  year = {1997}
}

@article{Siskind1972,
  title={Second moments of inverse {W}ishart matrix elements},
  author={Siskind, V.},
  journal={Biometrika},
  volume={59},
  number={3},
  pages={690--691},
  year={1972},
  publisher={Biometrika Trust}
}

@article{Smets2005,
  author = {Smets, P.},
  journal = {International Journal of Approximate Reasoning},
  number = {2},
  pages = {133-147},
  title = {{Decision making in the TBM: the necessity of the pignistic transformation}},
  volume = {38},
  year = {2005}
}

@article{Smith1981,
  author = {Smith, J. Q. and Harrison, P. J. and Zeeman, E. C.},
  journal = {European Journal of Operational Research},
  pages = {30-43},
  title = {{The analysis of some discontinuous decision processes}},
  volume = {7},
  year = {1981}
}

@article{Smith1989,
  author = {Smith, J. Q.},
  journal = {European Journal of Operational Research},
  number = {3},
  pages = {363-376},
  title = {Influence diagrams for {B}ayesian decision analysis},
  volume = {40},
  year = {1989}
}

@article{Smith1989a,
  author = {Smith, J. Q.},
  journal = {The Annals of Statistics},
  number = {2},
  pages = {654 - 672},
  title = {Influence diagrams for statistical modelling},
  volume = {17},
  year = {1989}
}

@article{Smith1995,
  author = {Smith, J. Q.},
  journal = {European journal of operational research},
  pages = {189-200},
  title = {{Handling multiple sources of variation using influence diagrams}},
  volume = {86},
  year = {1995}
}

@incollection{Smith1996a,
  author = {Smith, J. Q.},
  booktitle = {Bayesian Statistics 5},
  pages = {387-406},
  title = {{Plausible Bayesian games}},
  year = {1996}
}

@article{Smith1997,
  author = {Smith, J. Q. and Faria, \'{A}. E. and French, S. and Ranyard, D. and Vlesshhouwer, D. and Bohunova, J. and Duranova, T. and Stubna, M. and Dutton, L. and Rojas, C. and Sohier, A.},
  journal = {Radiation Protection Dosimetry},
  number = {1},
  pages = {57-59},
  title = {{Probabilistic data assimilation within RODOS}},
  volume = {73},
  year = {1997}
}

@article{Smith1999,
  author = {Smith, J. Q. and Papamichail, K. N.},
  journal = {Artificial Intelligence},
  pages = {99-124},
  title = {{Fast Bayes and the dynamic junction forest}},
  volume = {107},
  year = {1999}
}

@article{Smith2000,
  author = {Smith, J. Q. and Faria, \'{A}. E.},
  journal = {Journal of the Royal Statistical Society. Series B},
  number = {3},
  pages = {525-544},
  title = {{Bayesian Poisson models for the graphical combination of dependent expert information}},
  volume = {62},
  year = {2000}
}

@article{Smith2003,
  author = {Smith, J. Q. and Croft, J.},
  journal = {Journal of Multivariate Analysis},
  number = {2},
  pages = {387-402},
  title = {{Bayesian networks for discrete multivariate data: an algebraic approach to inference}},
  volume = {84},
  year = {2003}
}

@inproceedings{Smith2007,
  author = {Smith, J. Q. and Figueroa, L. J.},
  booktitle = {Advances in Probabilistic Graphical Models}, 
  pages = {39-54},
  title = {{A causal algebra for dynamic flow networks}},
  publisher={Springer},
  year = {2007}
}

@article{Smith2008,
  author = {Smith, J. Q. and Anderson, P. E.},
  journal = {Artificial Intelligence},
  number = {1},
  pages = {42-68},
  title = {{Conditional independence and chain event graphs}},
  volume = {172},
  year = {2008}
}

@article{Smith2008a,
  author = {Smith, J. Q.},
  journal = {Mathematical Proceedings of the Cambridge Philosophical Society},
  number = {1},
  pages = {91-101},
  title = {{Mixture catastrophes and Bayes decision theory}},
  volume = {86},
  year = {2008}
}

@incollection{Smith2008e,
author = {Smith, J. Q. and Thwaites, P.},
title = {Influence diagrams},
booktitle = {Encyclopaedia of Quantitative Risk Analysis and Assessment},
year = {2008},
pages = {897-910}
}

@book{Smith2010,
  author = {Smith, J. Q.},
  publisher = {Cambridge University Press},
  title = {{Bayesian decision analysis: principles and practice}},
  year = {2010}
}

@article{Smith2010a,
  author = {Smith, J. Q. and Daneshkhah, A.},
  journal = {International Journal of Approximate Reasoning},
  number = {5},
  pages = {558-572},
  publisher = {Elsevier Inc.},
  title = {{On the robustness of Bayesian networks to learning from non-conjugate sampling}},
  volume = {51},
  year = {2010}
}

@article{Smith2012,
  author = {Smith, J. Q. and Dodd, L.},
  journal = {Decision Analysis},
  number = {2},
  pages = {165-171},
  title = {{Regulating autonomous agents facing conflicting objectives: a command and control example}},
  volume = {9},
  year = {2012}
}

@article{Smith2013,
  author = {Smith, J. Q.},
  journal = {Biometrika},
  number = {3},
  pages = {629-638},
  title = {{Bayes Estimates Under Bounded Loss}},
  volume = {67},
  year = {2013}
}

@misc{Smith2015,
  title={Coherent inference for integrating decision support systems},
  author={Smith, J. Q. and Barons, M. and Leonelli, M.},
  year={2015},
  note={In preparation}
}

@article{Smith1993a,
  author = {Smith, J. E.},
  journal = {Management Science},
  number = {3},
  pages = {340-358},
  title = {{Moment methods for decision analysis}},
  volume = {39},
  year = {1993}
}

@article{Smith1993,
  author = {Smith, J. E. and Holtzman, S. and Matheson, J. E.},
  journal = {Operations Research},
  number = {2},
  pages = {280-297},
  title = {{Structuring conditional relationships in influence diagrams}},
  volume = {41},
  year = {1993}
}

@article{Spiegelhalter1990,
  title={Sequential updating of conditional probabilities on directed graphical structures},
  author={Spiegelhalter, D. J. and Lauritzen, S. L.},
  journal={Networks},
  volume={20},
  number={5},
  pages={579--605},
  year={1990},
  publisher={Wiley Online Library}
}

@article{Spiegelhalter1993,
  author = {Spiegelhalter, D. J. and Dawid, A. P. and Lauritzen, S. L. and Cowell, R. G.},
  journal = {Statistical Science},
  number = {3},
  pages = {219-247},
  title = {{Bayesian analysis in expert systems}},
  volume = {8},
  year = {1993}
}

@book{Spirtes1993,
  author = {Spirtes, P. and Glymour, C. and Scheines, R.},
  publisher = {Springer},
  series = {Lecture Notes in Statistics},
  title = {{Causation, prediction, and search}},
  year = {1993}
}

@article{Stassopoulou1998,
  author = {Stassopoulou, A. and Petrou, M. and Kittler, J.},
  journal = {International Journal of Geographical Information Science},
  number = {1},
  pages = {23-46},
  title = {{Application of a Bayesian network in a GIS based decision making system}},
  volume = {12},
  year = {1998}
}

@article{Stone1961,
  title={The opinion pool},
  author={Stone, M.},
  journal={The Annals of Mathematical Statistics},
  volume={32},
  number={4},
  pages={1339--1342},
  year={1961},
  publisher={Institute of Mathematical Statistics}
}

@book{Stuart1994,
  title={ Distribution theory},
  author={Stuart, A. and Ord, J. K.},
  publisher={Arnold, London},
  year={1994}
}

@article{Sturmfels2011,
  author = {Sturmfels, B. and Zwiernik, P.},
  journal = {Annals of Combinatorics},
  number = {1},
  pages = {229-250},
  title = {{Binary cumulant varieties}},
  volume = {17},
  year = {2013}
}

@article{Sullivant2008,
  author = {Sullivant, S.},
  journal = {Advances in Applied Mathematics},
  number = {4},
  pages = {482-513},
  title = {{Algebraic Geometry of Gaussian Bayesian Networks}},
  volume = {40},
  year = {2008}
}

@article{Sullivant2010,
  author = {Sullivant, S. and Talaska, K. and Draisma, J.},
  journal = {The Annals of Statistics},
  number = {3},
  pages = {1665-1685},
  title = {{Trek separation for Gaussian graphical models}},
  volume = {38},
  year = {2010}
}

@article{Sycara1998,
  author = {Sycara, K. P.},
  journal = {AI magazine},
  number = {2},
  pages = {79-92},
  title = {{Multiagent systems}},
  volume = {19},
  year = {1998}
}

&&&&&&&&&&&&&&&&&&&&&&&&&&&&&&&&&&&&&&&&&&&&&&&&&&&&&&&&
&&&&&&&&&&&&&&&&&&          T            &&&&&&&&&&&&&&&&&&&&&&&&&&&
&&&&&&&&&&&&&&&&&&&&&&&&&&&&&&&&&&&&&&&&&&&&&&&&&&&&&&&&

@article{Tamura1983,
  author = {Tamura, H. and Nakamura, Y.},
  journal = {Operations Research},
  number = {3},
  pages = {488-506},
  title = {{Decompositions of Multiattribute Utility Functions Based on Convex Dependence}},
  volume = {31}, 
  year = {1983}
}

@article{Tariq2012,
  author = {Tariq, A. and Rafi, K.},
  journal = {Information and Knowledge Management},
  number = {6},
  pages = {12-20},
  title = {{Intelligent decision support systems- a framework}},
  volume = {2},
  year = {2012}
}

@article{Tatman1990,
  author = {Tatman, J. A. and Shachter, R. D.},
  journal = {IEEE Transactions on Systems, Man, and Cybernetics},
  number = {2},
  pages = {365-379},
  title = {{Dynamic programming and influence diagrams}},
  volume = {20},
  year = {1990}
}

@inproceedings{Thwaites2008,
  author= {Thwaites, P and Smith, J. Q. and Cowell, R. G.},
  title= {Propagation using chain event graphs},
  booktitle={Proceedings of the 24th Conference on Uncertainty in Artificial Intelligence},
  year={2008},
  pages={546-553}
}

@article{Thwaites2010,
  author = {Thwaites, P. A. and Smith, J. Q. and Riccomagno, E.},
  journal = {Artificial Intelligence},
  number = {12-13},
  pages = {889-909},
  publisher = {Elsevier B.V.},
  title = {{Causal analysis with chain event graphs}},
  volume = {174},
  year = {2010}
}

@article{Thwaites2013,
  title={Causal identifiability via chain event graphs},
  author={Thwaites, P.},
  journal={Artificial Intelligence},
  volume={195},
  pages={291--315},
  year={2013},
  publisher={Elsevier}
}

@article{Thwaites2015,
  title={A Separation Theorem for Chain Event Graphs},
  author={Thwaites, P. A. and Smith, J. Q.},
  journal={arXiv:1501.05215},
  year={2015}
}

@techreport{Thykier-Nielsen1999,
  author = {Thykier-Nielsen, S. and Deme, S. and Mikkelsen, T.},
  institution = {Riso National Laboratory},
  number = {April},
  title = {{Description of the atmospheric dispersion module RIMPUFF}},
  year = {1999}
}

@article{Tiao2014,
  author = {Tiao, G. C. and Zellner, A.},
  journal = {Journal of the Royal Statistical Society. Series B (Methodological)},
  number = {2},
  pages = {277-285},
  title = {{On the Bayesian estimation of multivariate regression}},
  volume = {26},
  year = {2014}
}

@article{Tong1982,
  author = {Tong, H.},
  journal = {Biometrika},
  number = {1},
  pages = {274-276},
  title = {{Discontinuous decision processes and threshold autoregressive time series modelling}},
  volume = {69},
  year = {1982}
}

@book{Turner1994,
  title={Workbook of atmospheric dispersion estimates: an introduction to dispersion modeling},
  author={Turner, D. B.},
  year={1994},
  publisher={CRC press}
}

@article{Tversky1974,
  author = {Tversky, A. and Kahneman, D.},
  journal = {Science},
  number = {4157},
  pages = {1124-1131},
  title = {{Judgment under uncertainty: heuristics and biases}},
  volume = {185},
  year = {1974}
}

&&&&&&&&&&&&&&&&&&&&&&&&&&&&&&&&&&&&&&&&&&&&&
&&&&&&&&&&&&    U       &&&&&&&&&&&&&&&&&&&&&&&&&&&
&&&&&&&&&&&&&&&&&&&&&&&&&&&&&&&&&&&&&&&&&&&&&

@phdthesis{Uhler2011,
  author = {Uhler, C.},
  school = {University of California, Berkeley},
  title = {{Geometry of Maximum Likelihood Estimation in Gaussian Graphical Models}},
  year = {2011}
}

@book{Ullman2003,
  title={Structural equation modeling},
  author={Ullman, J. B. and Bentler, P. M.},
  year={2003},
  publisher={Wiley Online Library}
}

@article{Uusitalo2007,
  title={Advantages and challenges of {B}ayesian networks in environmental modelling},
  author={Uusitalo, L.},
  journal={Ecological Modelling},
  volume={203},
  number={3},
  pages={312--318},
  year={2007},
  publisher={Elsevier}
}

&&&&&&&&&&&&&&&&&&&&&&&&&&&&&&&&&&&&&&&&&&&&&&&
&&&&&&&&&&&&&&&      V       &&&&&&&&&&&&&&&&&&&&&&&&&
&&&&&&&&&&&&&&&&&&&&&&&&&&&&&&&&&&&&&&&&&&&&&&&

@incollection{Gaag2007,
  author = {{Van Der Gaag}, L. C. and Renooij, S. and Coup\'{e}, V. M. H.},
  booktitle = {Advances in Probabilistic Graphical Models},
  pages = {103-124},
  title = {{Sensitivity analysis of probabilistic networks}},
  year = {2007}
}

@article{Varin2011,
  title={An overview of composite likelihood methods},
  author={Varin, C. and Reid, N. and Firth, D.},
  journal={Statistica Sinica},
  volume={21},
  number={1},
  pages={5--42},
  year={2011}
}

@inproceedings{Viappiani2010,
  author = {Viappiani, P. and Boutilier, C.},
  booktitle = {Advances in Neural Information Processing Systems},
  pages = {2352-2360},
  title = {{Optimal Bayesian recommendation sets and myopically optimal choice query sets}},
  year = {2010}
}

@incollection{Viappiani2012,
  author = {Viappiani, P.},
  booktitle = {Learning and Intelligent Optimization},
  pages = {503-508},
  title = {{Monte Carlo Methods for Preference Learning}},
  year = {2012}
}

@book{VonNeumann2007,
  author = {{Von Neumann}, J. and Morgenstern, O.}, 
  publisher = {Princeton University Press},
  title = {{Theory of games and economic behaviour}},
  year = {1947}
}

@article{VonStengel1988,
  author = {{Von Stengel}, B.},
  journal = {Annals of Operations Research},
  pages = {161-184},
  title = {{Decomposition of multiattribute expected-utility functions}},
  volume = {16},
  year = {1988}
}

@book{von1986,
  title={Decision analysis and behavioral research},
  author={{Von Winterfeldt}, D. and Edwards, W.},
  year={1986},
  publisher={Cambridge University Press}
}

&&&&&&&&&&&&&&&&&&&&&&&&&&&&&&&&&&&&&&&&&&&&&&&
&&&&&&&&&&&&&             W             &&&&&&&&&&&&&&&&&&&&&
&&&&&&&&&&&&&&&&&&&&&&&&&&&&&&&&&&&&&&&&&&&&&&&

@article{Wagner2009,
  author = {Wagner, C.},
  journal = {Logic Journal of IGPL},
  number = {2},
  pages = {336-345},
  title = {{Jeffrey conditioning and external Bayesianity}},
  volume = {18},
  year = {2009}
}

@article{Wakker2008,
  author = {Wakker, P. P.},
  journal = {Health Economics},
  pages = {1329-1344},
  title = {{Explaining the characteristics of the power (CRRA) utility family}},
  volume = {17},
  year = {2008}
}

@article{Wall2000,
  title={Estimation for polynomial structural equation models},
  author={Wall, M. M. and Amemiya, Y.},
  journal={Journal of the American Statistical Association},
  volume={95},
  number={451},
  pages={929--940},
  year={2000},
  publisher={Taylor \& Francis}
}

@article{Walle2008,
  author = {Walle, B. and Turoff, M.},
  journal = {Information Systems and e-Business Management},
  number = {3},
  pages = {295-316},
  title = {{Decision support for emergency situations}},
  volume = {6},
  year = {2008}
}

@book{Walley1991,
  title={Statistical reasoning with imprecise probabilities},
  author={Walley, P.},
  year={1991},
  publisher={Chapman \& Hall}
}

@book{Wasserman2004,
  author = {Wasserman, L.},
  publisher = {Springer},
  title = {{All of statistics: a concise course in statistical inference}},
  year = {2004}
}

@article{Weistroffer97,
  author = {Weistroffer, R. H. and Narula, S. C.},
  journal = {Annals of Operations Research},
  pages = {299-313},
  title = {{The state of multiple criteria decision support software}}, 
  volume = {72},
  year = {1997}
}

@incollection{Weistroffer2005,
  author = {Weistroffer, R. H. and Smith, C. H. and Narula, S. C.},
  booktitle = {Multiple criteria decision analysis: state of the art surveys},
  number = {Mcdm},
  pages = {989-1009},
  publisher = {Springer},
  title = {{Multiple criteria decision support software}},
  year = {2005}
}

@article{Wermuth1976,
  title={Analogies between multiplicative models in contingency tables and covariance selection},
  author={Wermuth, N.},
  journal={Biometrics},
  volume={32},
  number={1},
  pages={95--108},
  year={1976},
  publisher={JSTOR}
}

@article{West1986,
  title={Monitoring and adaptation in {B}ayesian forecasting models},
  author={West, M. and Harrison, J.},
  journal={Journal of the American Statistical Association},
  volume={81},
  number={395},
  pages={741--750},
  year={1986},
  publisher={Taylor \& Francis Group}
}

@article{West1989,
  title={Subjective intervention in formal models},
  author={West, M. and Harrison, J.},
  journal={Journal of Forecasting},
  volume={8},
  number={1},
  pages={33--53},
  year={1989},
  publisher={Wiley Online Library}
}

@book{West1997,
  author = {West, M. and Harrison, P. J.},
  publisher = {Springer},
  title = {{Bayesian forecasting and dynamic models}},
  year = {1997}
}

@book{West2001a,
  author = {West, D. B.},
  publisher = {Prentice Hall},
  title = {{Introduction to graph theory}},
  year = {2001}
}

@article{Wikle2001,
  title={Spatiotemporal hierarchical {B}ayesian modeling tropical ocean surface winds},
  author={Wikle, C. K. and Milliff, R. F. and Nychka, D. and Berliner, L. M.},
  journal={Journal of the American Statistical Association},
  volume={96},
  number={454},
  pages={382--397},
  year={2001},
  publisher={Taylor \& Francis}
}

@phdthesis{Williamson2010,
  author = {Williamson, D.},
  school = {Durham University},
  title = {{Policy making using computer simulators for complex physical systems ; Bayesian decision support for the development of adaptive strategies}},
  year = {2010}
}

@article{Williamson2011,
  author = {Williamson, D. and Goldstein, M.},
  journal = {Journal of the Operational Research Society}, 
  number = {8},
  pages = {1021-1033},
  publisher = {Nature Publishing Group},
  title = {{Bayesian policy support for adaptive strategies using computer models for complex physical systems}},
  volume = {63},
  year = {2011}
}

@article{Williamson2012,
  author = {Williamson, D. and Goldstein, M. and Blaker, A.},
  journal = {Journal of the Royal Statistical Society: Series C (Applied Statistics)},
  number = {5},
  pages = {665-691},
  title = {{Fast linked analyses for scenario-based hierarchies}},
  volume = {61},
  year = {2012}
}

@article{Winkler2004,
  title={Multiple experts vs. multiple methods: combining correlation assessments},
  author={Winkler, R. L. and Clemen, R. T.},
  journal={Decision Analysis},
  volume={1},
  number={3},
  pages={167--176},
  year={2004},
  publisher={Informs}
}

@article{Wiper1995c,
  title={Combining experts' opinions using a normal-{W}ishart model},
  author={Wiper, M. P. and French, S.},
  journal={Journal of Forecasting},
  volume={14},
  number={1},
  pages={25--34},
  year={1995},
  publisher={Wiley Online Library}
}

@article{Wisse2008,
  author = {Wisse, B. and Bedford, T. and Quigley, J.},
  journal = {Reliability Engineering \& System Safety},
  number = {4},
  pages = {675-686},
  title = {{Expert judgement combination using moment methods}},
  volume = {93},
  year = {2008}
}

&&&&&&&&&&&&&&&&&&&&&&&&&&&&&&&&&&&&&&&&&&&&&&&&&&&
&&&&&&&&&&&&&&&&&      X      &&&&&&&&&&&&&&&&&&&&&&&&&&&&
&&&&&&&&&&&&&&&&&&&&&&&&&&&&&&&&&&&&&&&&&&&&&&&&&&&

@book{Xiang2002,
  author = {Xiang, Y.},
  publisher = {Cambridge University Press},
  title = {{Probabilistic reasoning in multiagent systems}},
  year = {2002}
}

@article{Xiang2011,
  author = {Xiang, Y. and Smith, J. Q. and Kroes, J.},
  journal = {International Journal of Approximate Reasoning},
  number = {7},
  pages = {960-977},
  publisher = {Elsevier Inc.},
  title = {{Multiagent Bayesian forecasting of structural time-invariant dynamic systems with graphical models}},
  volume = {52},
  year = {2011}
}

&&&&&&&&&&&&&&&&&&&&&&&&&&&&&&&&&&&&&&&&&&&&&&&&&&&&&&
&&&&&&&&&&&&&&&&      Y        &&&&&&&&&&&&&&&&&&&&&&&&&&&&&&&
&&&&&&&&&&&&&&&&&&&&&&&&&&&&&&&&&&&&&&&&&&&&&&&&&&&&&&

@article{Yim2004,
  author = {Yim, N. and Kim, S. and Kim, H. and Kwahk, K.},
  journal = {Expert Systems with Applications},
  number = {1},
  pages = {143-158},
  title = {{Knowledge based decision making on higher level strategic concerns: system dynamics approach}}, 
  volume = {27},
  year = {2004}
}

@article{Yoo2012,
  author = {Yoo, C.},
  journal = {Computational Statistics \& Data Analysis},
  number = {7},
  pages = {2183-2205},
  publisher = {Elsevier B.V.},
  title = {{The Bayesian method for causal discovery of latent-variable models from a mixture of experimental and observational data}},
  volume = {56},
  year = {2012}
}

@article{Yuan2006,
  author = {Yuan, C. and Druzdzel, M. J.},
  journal = {Mathematical and Computer Modelling},
  number = {9-10},
  pages = {1189-1207},
  title = {{Importance sampling algorithms for Bayesian networks: Principles and performance}},
  volume = {43},
  year = {2006}
}

@inproceedings{Yuan2010,
  author = {Yuan, C. and Wu, X.},
  booktitle = {Proceedings of the 11th international symposium on artificial intelligence and mathematics},
  title = {{Solving influence diagrams using heuristic search}},
  year = {2010}
}

@inproceedings{Yuan2010a,
  author = {Yuan, C. and Wu, X. and Hansen, E. A.},
  booktitle = {Proceedings of the 26th Conference on Uncertainty in Artificial Intelligence},
  title = {{Solving multistage influence diagrams using branch-and-bound search}},
  year = {2010}
}

&&&&&&&&&&&&&&&&&&&&&&&&&&&&&&&&&&&&&&&&&&&&&&&&&&&&&&
&&&&&&&&&&&&&&&&      Z     &&&&&&&&&&&&&&&&&&&&&&&&&&&&&&&&
&&&&&&&&&&&&&&&&&&&&&&&&&&&&&&&&&&&&&&&&&&&&&&&&&&&&&&

@article{Zapatero97,
  author = {Zapatero, E. G. and Smith, C. H. and Weistroffer, R. H.},
  journal = {Journal of Multi-Criteria Decision Analysis},
  pages = {201-214},
  title = {{Evaluating Multiple-¬êAttribute Decision Support Systems}},
  volume = {6},
  year = {1997}
}

@book{Zeeman1979,
  title={Catastrophe theory},
  author={Zeeman, E. C.},
  year={1979},
  publisher={Springer}
}

@inproceedings{Zhang1998,
  author = {Zhang, N. L.},
  booktitle = {Proceedings of the 14th conference on uncertainty in artificial intelligence},
  pages = {514-522},
  title = {{Probabilistic inference in influence diagrams}},
  year = {1998}
}

@techreport{Zhao2015,
  title={Dynamic dependence networks: multiregression dynamic models for financial time series analysis and portfolio decisions},
  author={Zhao, Z. Y. and West, M.},
  year={2015},
  institution={Department of Statistical Science, Duke University}
}

@article{Zheng2009,
  author = {Zheng, D. Q. and Leung, J. K. C. and Lee, B. Y.},
  journal = {Atmospheric Environment},
  number = {12},
  pages = {2005-2011},
  publisher = {Elsevier Ltd},
  title = {{Online update of model state and parameters of a Monte Carlo atmospheric dispersion model by using ensemble Kalman filter}},
  volume = {43},
  year = {2009}
}

@article{Zwiernik2010,
  author = {Zwiernik, P.},
  journal = {Journal of Algebraic Statistics},
  number = {1},
  pages = {11-43},
  title = {{L-cumulants, L-cumulant embeddings and algebraic statistics}},
  volume = {3},
  year = {2012}
}

@phdthesis{Zwiernik2010a,
  author = {Zwiernik, P.},
  school = {The University of Warwick},
  title = {{The algebra and geometry of general Markov models}},
  year = {2010}
}

@article{Zwiernik2012,
  author = {Zwiernik, P. and Smith, J. Q.},
  journal = {Bernoulli},
  number = {1},
  pages = {290-321},
  title = {{Tree cumulants and the geometry of binary tree models}},
  volume = {18},
  year = {2012}
}