@article{Lindley1979,
author = {Lindley, D. V. and Tversky, A. and Brown, R. V.},
file = {:C$\backslash$:/Users/User/Dropbox/PhD/Papers/On the reconciliation of probability assessments.pdf:pdf},
journal = {Journal of the Royal Statistical Society. Series A},
number = {2},
pages = {146--180},
title = {{On the reconciliation of probability assessments}},
url = {http://www.jstor.org/stable/2345078},
volume = {142},
year = {1979}
}
